2918 4770
700 215 743 284 49

134 407 259 476 tradita
280 428 354 474 vere
376 426 445 471 esse
467 402 685 492 Thucydideo,
714 427 814 491 supra
842 413 951 473 autem
973 406 1306 492 demonstraverimus,

135 534 174 578 ea
196 532 260 594 quo
282 511 352 575 loco
375 510 498 575 tradita
519 517 596 575 suut
616 511 749 577 retineri
778 531 841 575 non
863 531 966 594 posse,
998 514 1223 595 quaerendum
1248 522 1308 593 cst,

135 634 233 696 quem
260 613 293 675 in
322 610 428 677 locum
448 613 690 696 transponenda
711 612 892 678 videantur.
935 612 1103 697 Nusquam
1134 624 1244 682 autem
1271 638 1309 684 ea

136 716 246 798 aptius
267 734 288 778 a
310 713 497 798 Thucydide
525 716 648 799 scripta
680 734 749 779 esse
781 722 928 798 apparet,
962 737 1060 798 quam
1093 720 1178 784 inter
1210 720 1309 785 verba

136 811 298 903 πράσσειν
320 823 354 881 et
370 808 459 878 Ἀλλ’
484 810 516 880 οἱ
536 812 720 901 Ἀθηναῖοι,
753 817 865 898 itaque
887 817 1090 884 scribendum
1120 840 1190 885 esse
1211 827 1309 904 puto:

135 911 273 1004 ἤρξαντο
294 919 352 998 μὲν
380 914 512 982 οὖνκαὶ
535 912 643 994 eduis
663 915 747 1000 μετὰ
774 915 832 1003 τὴν
856 913 976 983 ἅλωσιν
1002 915 1116 998 ου’σοῖς
1137 918 1308 1007 πράσσειν,

136 1015 283 1101 μάλιστα
305 1018 340 1084 δὲ
362 1013 394 1082 οἳ
416 1023 482 1084 τῶν
503 1019 681 1101 δεδεμένων
708 1021 867 1103 ξυγγενεῖς
889 1017 1001 1105 ἐνῆγον
1019 1024 1046 1105 1)
1078 1017 1120 1099 ὡς
1141 1018 1181 1087 δν
1202 1018 1326 1112 εἰρήνη,

137 1120 276 1208 γένηται.
317 1115 407 1186 Ἀλλ’
436 1117 468 1185 ολ
491 1115 666 1207 Ἀθηναῖοι
689 1117 801 1199 οὔπως
822 1115 946 1208 ἤθελον
967 1131 1028 1189 oet.
1054 1164 1089 1174 -
1116 1125 1177 1203 Qui
1200 1134 1310 1193 autem

138 1222 260 1288 iactum
282 1226 334 1304 sit,
358 1231 395 1289 ut
417 1245 456 1288 ex
467 1223 666 1308 Thucydidis
690 1223 854 1288 codicibus
876 1223 984 1289 nullus
1005 1224 1119 1291 horum
1141 1227 1311 1294 verborum

138 1327 313 1392 servaverit
333 1327 512 1410 vestigium,
535 1328 583 1392 ita
603 1326 741 1391 fortasse
761 1324 916 1409 explicari
938 1333 1054 1409 potest,
1078 1336 1116 1394 ut
1138 1350 1311 1411 sumamus,

139 1448 178 1492 ea
199 1428 276 1492 olim
303 1429 336 1491 in
358 1428 467 1512 aliquo
490 1430 600 1495 codice
628 1428 671 1494 ad
693 1429 873 1511 marginem
895 1430 1062 1514 adscripta
1083 1429 1192 1507 fuisse,
1226 1410 1312 1498 unde

139 1537 323 1595 nostrorum
345 1532 489 1595 codicum
513 1531 725 1615 archetypum
746 1530 932 1597 describens
953 1533 1051 1598 verba
1072 1534 1189 1612 omisit,
1211 1534 1313 1600 codex

139 1631 332 1698 scholiastae
363 1633 590 1717 Aristophanis
620 1652 684 1697 non
718 1633 827 1698 omisit
859 1635 1000 1717 quidem,
1039 1636 1097 1701 sed
1127 1634 1210 1701 falso
1242 1636 1313 1703 loco

140 1734 285 1801 inseruit.
307 1771 350 1779 -

227 1836 263 1900 ln
286 1836 374 1902 oalee
396 1835 492 1901 huius
521 1837 584 1902 looi
605 1834 703 1902 liceat
724 1838 838 1920 paucis
860 1838 965 1904 verbis
994 1838 1103 1905 redire
1123 1840 1166 1906 ad
1189 1841 1314 1926 Steupii

142 1960 241 2022 quam
262 1960 363 2023 supra
385 1939 629 2005 commemorari
661 1941 969 2019 commentationem,
1001 1962 1067 2024 qua
1093 1942 1315 2010 demonstrare

143 2041 254 2106 studet
276 2042 462 2125 gravissime
483 2047 587 2105 totam
610 2041 808 2128 Thucydidis
830 2044 871 2108 de
893 2064 974 2126 pace
996 2043 1081 2109 inter
1103 2043 1316 2113 Athenienses

144 2150 178 2208 et
198 2143 470 2209 Lacedaemonios
491 2143 580 2210 facta
602 2146 839 2212 enarrationem
863 2146 916 2230 (V,
943 2146 1064 2231 resq.)
1086 2147 1316 2232 interpolatam

144 2267 222 2312 esse.
266 2245 340 2311 Jam
362 2252 439 2310 ante
460 2267 512 2310 me
533 2246 654 2313 Herbst
676 2249 771 2333 (Phil.
788 2250 863 2314 Anz.
881 2247 973 2326 1873,
988 2249 1044 2335 50)
1066 2245 1173 2332 panea
1194 2271 1314 2331 eorum,

144 2370 228 2433 quae
240 2349 393 2432 Steupius
413 2348 484 2414 vult
497 2347 661 2427 refutavit,
684 2352 869 2417 accuratius
885 2351 1001 2416 deinde
1023 2351 1064 2416 de
1085 2352 1221 2436 singulis
1235 2352 1316 2419 locis

145 2453 212 2534 egit
236 2449 406 2516 Classenus
430 2452 463 2515 in
487 2452 628 2518 editione
650 2453 723 2536 (cfr.
747 2454 785 2532 V,
808 2476 839 2537 p.
862 2454 907 2538 6),
931 2459 1075 2519 attamen
1097 2474 1215 2539 operae
1237 2456 1317 2520 duxi

144 2554 295 2637 pretium,
325 2555 492 2620 occasione
520 2555 640 2636 oblata,
669 2576 791 2639 paucos
821 2576 932 2620 eorum
964 2555 997 2619 in
1025 2555 1143 2637 quibus
1165 2556 1319 2641 Steupius

144 2655 251 2748 haesit
270 2655 357 2721 locos
378 2664 567 2735 retractare,
599 2659 746 2742 inprimis
768 2678 832 2736 eos,
867 2658 985 2740 quibus
1015 2658 1057 2723 ab
1078 2656 1142 2722 illis
1163 2677 1216 2724 res
1237 2658 1317 2723 mihi

144 2758 288 2824 nondum
320 2759 362 2824 ad
392 2759 489 2824 finem
522 2760 651 2825 videtur
682 2759 852 2843 perducta.
896 2762 1004 2843 Atque
1025 2762 1165 2843 primum
1187 2760 1318 2842 quidem

145 2860 279 2927 offendit
292 2861 443 2945 Steupius
457 2862 491 2926 in
505 2862 612 2928 verbis
635 2862 688 2946 (V,
712 2864 767 2945 13)
789 2857 983 2928 κωλυόντων
1005 2860 1041 2927 δὲ
1061 2864 1126 2925 τῶν
1141 2859 1318 2926 Θεσσαλῶν

145 2959 202 3028 καὶ
227 2959 296 3044 ἅμα
317 2958 484 3048 Βρασίδου
514 2967 705 3043 τεθνεῶτος,
736 2964 855 3047 quibus
883 2964 1085 3029 demonstrat
1105 2963 1317 3049 Thucydides,

145 3066 203 3147 qui
224 3064 346 3130 iactum
368 3066 421 3143 sit,
443 3071 482 3130 ut
495 3065 703 3150 Rhamphias,
727 3068 784 3149 qui
798 3066 955 3133 Brasidae
969 3065 1090 3132 auxilio
1105 3066 1221 3133 missus
1237 3075 1318 3147 erat,

148 3189 222 3232 cum
253 3169 320 3233 suis
352 3168 481 3232 domum
509 3168 641 3234 rediret
683 3169 784 3233 Putat
814 3169 898 3233 enim
920 3168 1072 3252 Steupius
1094 3169 1317 3252 gravissimum

147 3269 303 3335 redeundi
331 3289 462 3335 causam
493 3269 593 3335 fuisse
619 3271 759 3353 priorem
791 3265 996 3352 (κωλυόντων
1022 3272 1088 3334 τῶν
1113 3271 1318 3358 Θεσσαλῶν),

148 3373 285 3438 alteram
307 3368 377 3457 (καὶ
399 3367 467 3453 ἅμα
482 3367 648 3459 Βρασίδου
669 3372 869 3457 τεθνεῶτος)
891 3372 1024 3438 minoris
1038 3371 1137 3437 fuisse
1150 3374 1318 3439 momenti:

146 3474 368 3540 demonstrare
398 3473 461 3540 hoc
493 3482 526 3541 et
558 3473 716 3540 vocabula
746 3471 803 3538 καὶ
833 3469 902 3556 ἅμα
929 3495 950 3540 a
979 3473 1098 3556 quihus
1130 3474 1234 3540 soleat
1264 3495 1317 3542 ros

146 3578 280 3642 minoris
302 3577 455 3642 momenti
477 3577 578 3642 ordiri
600 3577 646 3661 (p.
670 3575 758 3659 273),
782 3575 900 3641 deinde
921 3581 1031 3641 autem
1052 3575 1319 3643 verisimillimum

148 3700 218 3745 esse
231 3677 448 3762 Rhamphiam
468 3678 533 3744 iam
554 3685 652 3743 antea
672 3678 712 3742 de
726 3677 882 3743 Brasidae
903 3684 1006 3742 morte
1028 3677 1199 3742 certiorem
1220 3677 1318 3745 fuisse

147 3781 288 3848 factum:
316 3801 393 3864 ergo
417 3801 489 3846 cum
518 3801 582 3846 nou
604 3780 716 3846 statim
738 3780 871 3856 rediret,
894 3788 1030 3845 mortem
1050 3779 1207 3845 Brasidae
1229 3779 1318 3845 haud

147 3886 196 3949 ita
218 3904 348 3966 gravem
370 3882 527 3948 redeundi
549 3902 680 3948 causam
711 3902 780 3947 esse
801 3882 956 3966 potuisse.
1000 3880 1157 3964 Quodque
1177 3882 1318 3965 primum

148 3987 192 4051 ad
212 3980 268 4048 καὶ
289 3979 366 4066 ἅμα,
390 3983 561 4050 Classenus
576 3991 689 4049 contra
704 3984 872 4068 Steupium
887 3985 930 4050 ad
944 3984 1031 4049 hunc
1045 3983 1151 4047 locum
1167 3983 1318 4050 adnotat:

149 4084 226 4168 ,καὶ
246 4083 324 4169 ἅμα,
345 4087 404 4152 wie
419 4085 627 4169 gewtihnlich,
644 4087 738 4152 einen
753 4086 966 4171 gewichtigen
978 4086 1092 4153 Grund
1107 4086 1316 4154 ciutlihrend:

237 4321 505 4394 1)5σ1]ο].·δνῆγον]
534 4324 581 4376 καὶ
607 4319 793 4384 ἐσπούδαζον·
821 4317 915 4383 dead
942 4317 1014 4380 εἰκὸς
1044 4313 1095 4372 οὖν
1126 4322 1157 4372 et
1181 4327 1333 4387 unq-puncta

150 4402 239 4460 αὐτῶν
257 4405 384 4476 σπουδὴν
400 4411 556 4467 ἐποιοῦντο,
574 4440 610 4454 .-

1123 4506 1146 4554 ³2
