2918 4770
705 205 747 271 32

134 396 206 464 loco
228 415 298 460 sese
319 394 440 460 habere
462 393 542 459 mihi
564 394 720 472 videatur,
744 395 853 477 aptius
875 399 964 477 puto,
988 393 1207 479 Thucydidem
1231 398 1315 463 Cor-

137 519 268 584 cyraeos
289 503 436 581 petentes
458 497 500 563 ab
523 494 772 562 Atheniensibus
801 495 959 561 auxilium
985 497 1130 566 diceutes
1152 499 1262 566 facero
1285 491 1315 566 ὦ

137 592 252 685 ἄνδρες
270 592 455 686 Ἀθηναῖοι.

222 738 316 816 Quod
337 738 380 801 ad
396 735 517 802 formas
532 735 770 820 appellationis,
795 754 878 818 quae
893 742 1028 813 restant,
1052 736 1133 801 nihil
1154 739 1315 805 interesse

137 841 276 916 videtur,
307 846 418 903 utrum
448 860 562 903 nomen
592 838 793 904 audientium
823 837 1023 901 nominatum
1050 839 1094 902 sit
1119 840 1161 905 ab
1183 850 1316 907 oratore

136 963 245 1007 necue.
289 939 372 1006 Nam
403 941 550 1024 equidem
575 963 602 1006 o.
626 961 655 1024 g.
677 939 800 1004 nnllam
821 939 912 1003 video
936 959 1076 1018 causam,
1111 962 1169 1006 cur
1191 941 1314 1024 Nicias,

137 1046 188 1110 his
215 1046 254 1109 de
276 1043 387 1110 Sicilia
413 1043 511 1109 verba
538 1042 659 1109 faciens
687 1041 756 1127 (VI,
777 1043 797 1106 9
820 1047 853 1105 et
874 1041 941 1124 20),
973 1042 1137 1125 inpriore
1166 1048 1315 1112 oratione

138 1149 260 1213 omittit
297 1145 557 1230 appellationem,
598 1146 690 1229 ponit
723 1145 756 1207 in
787 1144 974 1226 posteriorc.
1034 1144 1208 1214 Praeterea
1237 1149 1316 1234 plus

138 1250 236 1316 semel
258 1250 388 1327 accidit,
421 1255 460 1312 ut
491 1249 523 1310 in
557 1249 649 1312 initio
680 1246 816 1312 alicuius
843 1246 997 1310 orationis
1019 1246 1104 1313 desit
1124 1249 1316 1334 appellatio,

138 1359 279 1438 ponatur
302 1352 334 1415 in
357 1357 451 1434 parte
472 1351 650 1434 posteriore
671 1348 760 1414 velut
781 1347 806 1427 Ι,
830 1347 871 1411 73
893 1347 1139 1415 Lacedaemonii
1166 1373 1230 1418 non
1253 1374 1316 1438 ap·

139 1455 315 1539 pellantur,
348 1473 420 1517 cum
448 1458 563 1535 postea
589 1473 616 1517 c.
640 1453 681 1516 75
704 1458 737 1516 et
759 1450 800 1513 76
829 1451 1036 1535 appellentur
1064 1476 1123 1537 per
1151 1447 1316 1521 ὦΛακε-

139 1553 313 1640 δαιμόνιοι,
341 1554 427 1619 idem
456 1555 618 1619 invenitur
639 1552 694 1633 ΙΙΙ,
719 1553 757 1618 61
782 1561 815 1618 et
836 1553 888 1632 67,
912 1554 964 1634 Vl,
987 1555 1029 1620 82
1052 1567 1086 1621 et
1108 1558 1159 1634 87,
1193 1556 1247 1634 VI,
1271 1558 1316 1624 89

140 1669 174 1726 et
195 1661 247 1725 92.
290 1657 405 1740 ltaque
427 1655 666 1720 concedendum
692 1662 782 1738 puto,
814 1656 860 1720 nil
889 1659 1052 1737 interesse,
1086 1666 1195 1724 utrum
1225 1660 1316 1744 apud

140 1761 361 1845 Thucydidem
397 1765 543 1823 oratores
579 1759 613 1821 in
648 1759 741 1824 initio
778 1760 958 1825 orationum
990 1761 1167 1844 simplicem
1197 1782 1316 1828 nomen

140 1862 378 1948 appellatorum
407 1867 523 1926 vocent
553 1882 663 1925 necne.
715 1859 798 1926 Nam
828 1861 857 1924 si
888 1862 984 1927 aliter
1016 1883 1068 1928 res
1101 1883 1136 1928 se
1167 1863 1316 1944 haberet,

141 1969 223 2033 duas
248 1964 321 2030 illas
348 1962 536 2046 appellandi
565 1962 684 2028 formas
713 1964 747 2026 in
775 1962 887 2029 eadem
914 1967 1060 2031 oratione
1086 1966 1223 2032 inveniri
1250 1988 1317 2033 non

141 2090 235 2154 posse
256 2074 401 2153 apparet

126 2188 134 2198 ’
227 2207 278 2284 34,
303 2205 352 2268 11.
380 2196 543 2278 ‘Hennae
569 2199 665 2285 nupci-
696 2197 771 2278 τοὺς
803 2195 1004 2288 Ἀθηναίους
1043 2202 1159 2290 [λέγειν
1196 2199 1234 2271 or‘r
1268 2211 1318 2294 aq*
1374 2274 1377 2279 ⁴

141 2305 256 2394 τρόπῳ
277 2300 362 2370 ἀλλὰ
382 2308 422 2390 τῇ
444 2298 566 2390 γνώμῃ]
589 2298 791 2389 ἐπικουρίας]
816 2303 923 2369 Verba
944 2312 1018 2388 post
1035 2300 1233 2394 Ἀθηναίους
1252 2332 1316 2374 un-

143 2415 189 2480 cis
210 2410 336 2475 inclusa
358 2407 391 2470 in
413 2406 532 2469 nostris
559 2405 724 2471 codicibus
754 2405 880 2484 desunt,
915 2427 1019 2489 neque
1048 2410 1127 2492 quid
1160 2401 1317 2480 hocloco

142 2515 205 2582 sihi
226 2512 327 2579 velint
348 2506 556 2589 intellegitur,
579 2528 654 2572 nam
676 2508 719 2573 ad
741 2514 844 2574 totam
860 2510 1054 2575 sententiam
1069 2513 1232 2593 quadrare
1253 2535 1319 2581 nou

141 2638 237 2704 posse
269 2619 415 2698 apparet.
473 2612 574 2694 Atqui
603 2612 740 2676 adnotat
772 2610 870 2677 schol.
905 2611 1006 2678 Thuc.
1042 2615 1084 2679 ad
1116 2612 1208 2701 παρὰ
1240 2613 1320 2696 τοὺς

143 2717 248 2796 πέλας
270 2717 366 2782 haec:
389 2712 495 2792 πέλας
516 2718 563 2802 τῇ
583 2710 736 2800 γνώμῃ·
761 2707 799 2777 οὗ
819 2710 879 2798 γάρ
901 2709 991 2780 ἐστιν
1012 2709 1196 2803 ἡΚέρκυρα
1210 2715 1321 2799 πέλας

143 2824 209 2886 τῶν
227 2814 425 2906 Ἀθηναίων.
468 2817 558 2881 Inest
588 2818 621 2881 iu
651 2815 713 2880 hoc
741 2814 863 2881 scholio
894 2817 980 2881 idem
1007 2821 1047 2906 τῇ
1075 2816 1194 2907 γνώμῃ,
1228 2822 1319 2904 qnod

144 2923 234 3008 apud
263 2920 455 3004 Gregorium
486 2928 543 2986 est.
588 2919 667 2985 lude
697 2920 852 3003 suspicor,
885 2919 1082 3004 Thucydidis
1108 2922 1253 2989 scholion
1285 2931 1321 2990 et

144 3028 226 3093 hacc
244 3024 393 3108 Gregorii
415 3023 514 3089 uerba
536 3022 695 3107 λέγειν-
711 3018 821 3109 γνώμῃ
845 3043 886 3086 ex
908 3023 1020 3087 eodem
1041 3044 1206 3090 emanasse
1228 3025 1321 3092 fonte

145 3130 178 3195 h.
202 3151 228 3194 e.
251 3148 291 3192 cx
316 3126 426 3209 aliquo
445 3126 565 3205 codice,
588 3127 621 3190 in
644 3146 708 3208 quo
732 3126 830 3190 ctiam
852 3125 975 3190 maiora
997 3125 1121 3190 scholia
1142 3134 1236 3192 crant
1258 3128 1322 3194 ad·

146 3232 278 3315 scripta.
321 3229 372 3293 Ex
393 3228 452 3293 tali
474 3230 595 3294 maiore
610 3228 732 3293 scholio
755 3234 864 3292 noster
886 3226 986 3292 schol.
1004 3227 1104 3294 Thuc.
1128 3250 1226 3294 nuum
1247 3250 1322 3295 ver„

145 3334 223 3401 bum
255 3332 401 3415 sumpsit,
442 3331 607 3415 complura
640 3331 824 3414 Gregorius,
860 3351 944 3412 quae
992 3352 1051 3414 per
1083 3331 1322 3416 neglegentiam

147 3439 181 3501 in
202 3437 310 3520 ipsum
332 3441 458 3499 textum
479 3435 614 3519 recepit.

232 3572 259 3652 1,
281 3572 332 3637 33.
376 3571 443 3655 (35,
464 3572 532 3656 22).
590 3571 719 3655 Optime
751 3568 926 3653 respondet
957 3591 994 3633 τε
1025 3589 1046 3636 a
1078 3570 1211 3656 Syriano
1245 3582 1322 3656 post

149 3673 343 3758 δυναμένους
371 3674 520 3738 additum
546 3673 717 3758 particulis
745 3692 829 3756 quae
856 3679 1011 3737 secuntur
1039 3671 1116 3739 καὶ.
1134 3722 1142 3739 .
1157 3671 1222 3754 καὶ,
1259 3696 1322 3742 nec

149 3778 293 3844 dubitari
308 3776 414 3853 debet,
437 3776 516 3858 quin
537 3798 573 3840 re
596 3814 636 3823 —
659 3774 713 3840 καὶ
735 3795 794 3841 suo
815 3774 885 3839 loco
908 3773 1075 3858 aSyriano
1098 3776 1142 3840 sit
1162 3775 1322 3843 traditum

150 3881 311 3965 (Krueger
324 3879 395 3962 Spr.
412 3879 462 3956 69,
485 3878 526 3942 59
550 3881 577 3942 A
600 3880 642 3963 1).
685 3877 844 3943 Perfacile
866 3877 899 3940 in
922 3876 1133 3943 describendo
1155 3901 1190 3942 τε
1213 3881 1322 3946 omitti

150 3983 266 4067 potnit,
290 4003 363 4047 cum
384 3982 490 4046 minus
512 3981 556 4045 sit
579 3979 759 4058 verisimile,
783 3980 960 4064 Syrianam,
984 3981 1040 4062 qui
1062 3981 1094 4044 in
1115 3981 1167 4046 his
1189 3981 1322 4064 quidem

150 4087 229 4151 locis
261 4084 476 4169 Thucydideis
512 4083 732 4148 exscribendis
765 4081 861 4166 longe
897 4081 1160 4165 diligentissimus
1192 4083 1323 4151 videtur

151 4187 361 4270 Hermogenis
375 4184 631 4261 scholiastarum,
645 4185 707 4250 hoc
720 4206 756 4248 τε
770 4185 942 4250 addidisse.
987 4185 1103 4268 ltaque
1117 4207 1181 4250 uon
1196 4186 1321 4269 dubito,

152 4291 231 4373 quin
253 4288 367 4354 vocula
388 4289 533 4370 quamvis
562 4290 688 4353 minuta
708 4287 888 4374 Thucydidi
919 4309 992 4353 cum
1013 4288 1226 4355 emolumento
1247 4310 1322 4357 ora·

136 4393 239 4454 moniis
258 4391 432 4458 reddenda
451 4393 506 4463 sit.
