<?xml version="1.0" encoding="UTF-8"?>
<!DOCTYPE html PUBLIC "-//W3C//DTD XHTML 1.0 Transitional//EN"
    "http://www.w3.org/TR/xhtml1/DTD/xhtml1-transitional.dtd">
<html xmlns="http://www.w3.org/1999/xhtml" xml:lang="en" lang="en">
 <head>
  <title>
</title>
<meta http-equiv="Content-Type" content="text/html;charset=utf-8" />
  <meta name='ocr-system' content='tesseract 3.04.00' />
  <meta name='ocr-capabilities' content='ocr_page ocr_carea ocr_par ocr_line ocrx_word'/>
</head>
<body>
  <div class='ocr_page' id='page_1' title='image "./thucydidishisto00schrgoog_0052.png"; bbox 0 0 2918 4770; ppageno 0'>
   <div class='ocr_carea' id='block_1_1' title="bbox 698 249 739 318">
    <p class='ocr_par' dir='ltr' id='par_1_1' title="bbox 698 249 739 318">
     <span class='ocr_line' id='line_1_1' title="bbox 698 249 739 318; baseline -0.073 0"><span class='ocrx_word' id='word_1_1' title='bbox 698 249 739 318; x_wconf 80' lang='lat'>47</span> 
     </span>
    </p>
   </div>
   <div class='ocr_carea' id='block_1_2' title="bbox 135 438 1318 3693">
    <p class='ocr_par' dir='ltr' id='par_1_2' title="bbox 135 438 1306 613">
     <span class='ocr_line' id='line_1_2' title="bbox 135 438 1306 526; baseline -0.003 -16"><span class='ocrx_word' id='word_1_2' title='bbox 135 443 288 524; x_wconf 80' lang='lat' dir='ltr'>Quamuis</span> <span class='ocrx_word' id='word_1_3' title='bbox 316 442 419 526; x_wconf 86' lang='lat' dir='ltr'>igitur</span> <span class='ocrx_word' id='word_1_4' title='bbox 444 439 582 524; x_wconf 76' lang='lat' dir='ltr'>Sopater</span> <span class='ocrx_word' id='word_1_5' title='bbox 609 458 720 504; x_wconf 88' lang='lat' dir='ltr'>verum</span> <span class='ocrx_word' id='word_1_6' title='bbox 749 438 854 524; x_wconf 89' lang='lat' dir='ltr'>ipsum</span> <span class='ocrx_word' id='word_1_7' title='bbox 888 459 953 506; x_wconf 92' lang='lat' dir='ltr'>non</span> <span class='ocrx_word' id='word_1_8' title='bbox 980 440 1167 521; x_wconf 81' lang='lat' dir='ltr'>seruaverit,</span> <span class='ocrx_word' id='word_1_9' title='bbox 1199 447 1306 508; x_wconf 91' lang='lat' dir='ltr'>tamen</span> 
     </span>
     <span class='ocr_line' id='line_1_3' title="bbox 135 544 499 613; baseline -0.008 0"><span class='ocrx_word' id='word_1_10' title='bbox 135 547 203 613; x_wconf 83' lang='lat' dir='ltr'>reri</span> <span class='ocrx_word' id='word_1_11' title='bbox 225 546 310 612; x_wconf 83' lang='lat' dir='ltr'>viam</span> <span class='ocrx_word' id='word_1_12' title='bbox 332 544 499 610; x_wconf 85' lang='lat' dir='ltr'>indicavit.</span> 
     </span>
    </p>

    <p class='ocr_par' dir='ltr' id='par_1_3' title="bbox 136 636 1312 1632">
     <span class='ocr_line' id='line_1_4' title="bbox 223 636 1307 729; baseline -0.001 -17"><span class='ocrx_word' id='word_1_13' title='bbox 223 648 294 725; x_wconf 88' lang='grc'>141,</span> <span class='ocrx_word' id='word_1_14' title='bbox 316 647 367 712; x_wconf 78' lang='lat'>24.</span> <span class='ocrx_word' id='word_1_15' title='bbox 389 639 459 710; x_wconf 80' lang='grc' dir='ltr'><strong><em>ἴσοι</em></strong></span> <span class='ocrx_word' id='word_1_16' title='bbox 479 645 604 726; x_wconf 80' lang='grc' dir='ltr'><strong><em>μᾶλλον</em></strong></span> <span class='ocrx_word' id='word_1_17' title='bbox 625 636 737 726; x_wconf 66' lang='grc' dir='ltr'><strong><em>αύτοιἿ</em></strong></span> <span class='ocrx_word' id='word_1_18' title='bbox 758 637 827 708; x_wconf 78' lang='grc' dir='ltr'><strong><em>ἴσοι</em></strong></span> <span class='ocrx_word' id='word_1_19' title='bbox 849 640 943 709; x_wconf 77' lang='grc' dir='ltr'><strong><em>αὐτοὶ</em></strong></span> <span class='ocrx_word' id='word_1_20' title='bbox 963 645 1088 729; x_wconf 80' lang='grc' dir='ltr'><strong><em>μᾶλλον</em></strong></span> <span class='ocrx_word' id='word_1_21' title='bbox 1103 646 1194 711; x_wconf 85' lang='lat' dir='ltr'><strong>codd.</strong></span> <span class='ocrx_word' id='word_1_22' title='bbox 1214 667 1307 729; x_wconf 88' lang='lat' dir='ltr'>prae·</span> 
     </span>
     <span class='ocr_line' id='line_1_5' title="bbox 136 739 1307 831; baseline -0.003 -14"><span class='ocrx_word' id='word_1_23' title='bbox 136 758 187 817; x_wconf 88' lang='lat' dir='ltr'>ter</span> <span class='ocrx_word' id='word_1_24' title='bbox 208 750 241 815; x_wconf 84' lang='lat'>0.</span> <span class='ocrx_word' id='word_1_25' title='bbox 263 786 306 798; x_wconf 91' lang='lat'><em>—</em></span> <span class='ocrx_word' id='word_1_26' title='bbox 327 749 514 831; x_wconf 86' lang='lat' dir='ltr'>Kruegerus</span> <span class='ocrx_word' id='word_1_27' title='bbox 535 747 672 812; x_wconf 87' lang='lat' dir='ltr'>adnotat</span> <span class='ocrx_word' id='word_1_28' title='bbox 693 739 790 810; x_wconf 86' lang='grc' dir='ltr'><strong><em>αύτοί</em></strong></span> <span class='ocrx_word' id='word_1_29' title='bbox 811 746 965 814; x_wconf 89' lang='lat' dir='ltr'>hocloco</span> <span class='ocrx_word' id='word_1_30' title='bbox 987 749 1136 814; x_wconf 90' lang='lat' dir='ltr'>similiter</span> <span class='ocrx_word' id='word_1_31' title='bbox 1159 748 1307 814; x_wconf 89' lang='lat' dir='ltr'>additum</span> 
     </span>
     <span class='ocr_line' id='line_1_6' title="bbox 136 847 1309 936; baseline -0.003 -17"><span class='ocrx_word' id='word_1_32' title='bbox 136 873 215 931; x_wconf 89' lang='grc'>8888,</span> <span class='ocrx_word' id='word_1_33' title='bbox 239 859 339 935; x_wconf 89' lang='grc'>81888</span> <span class='ocrx_word' id='word_1_34' title='bbox 360 856 435 916; x_wconf 90' lang='grc'>8118</span> <span class='ocrx_word' id='word_1_35' title='bbox 456 869 633 932; x_wconf 85' lang='lat' dir='ltr'><strong>pronomen</strong></span> <span class='ocrx_word' id='word_1_36' title='bbox 654 847 841 914; x_wconf 85' lang='lat' dir='ltr'>reflexivum</span> <span class='ocrx_word' id='word_1_37' title='bbox 863 849 949 935; x_wconf 87' lang='lat' dir='ltr'>(Spr.</span> <span class='ocrx_word' id='word_1_38' title='bbox 965 852 1016 929; x_wconf 80' lang='lat'>51,</span> <span class='ocrx_word' id='word_1_39' title='bbox 1040 853 1070 928; x_wconf 84' lang='lat'>2,</span> <span class='ocrx_word' id='word_1_40' title='bbox 1096 851 1160 936; x_wconf 83' lang='lat'>12).</span> <span class='ocrx_word' id='word_1_41' title='bbox 1204 849 1309 927; x_wconf 83' lang='lat' dir='ltr'>Quam</span> 
     </span>
     <span class='ocr_line' id='line_1_7' title="bbox 137 951 1309 1040; baseline -0.003 -19"><span class='ocrx_word' id='word_1_42' title='bbox 137 954 386 1040; x_wconf 75' lang='lat' dir='ltr'>explicationem</span> <span class='ocrx_word' id='word_1_43' title='bbox 416 954 443 1018; x_wconf 90' lang='lat' dir='ltr'>si</span> <span class='ocrx_word' id='word_1_44' title='bbox 474 951 710 1034; x_wconf 72' lang='lat' dir='ltr'>amplectimur,</span> <span class='ocrx_word' id='word_1_45' title='bbox 743 957 889 1034; x_wconf 88' lang='lat' dir='ltr'>apparet,</span> <span class='ocrx_word' id='word_1_46' title='bbox 924 953 1178 1031; x_wconf 79' lang='lat' dir='ltr'>collocationem,</span> <span class='ocrx_word' id='word_1_47' title='bbox 1211 973 1309 1035; x_wconf 88' lang='lat' dir='ltr'>quam</span> 
     </span>
     <span class='ocr_line' id='line_1_8' title="bbox 137 1052 1311 1141; baseline -0.003 -19"><span class='ocrx_word' id='word_1_48' title='bbox 137 1055 272 1141; x_wconf 85' lang='lat' dir='ltr'>apudO</span> <span class='ocrx_word' id='word_1_49' title='bbox 300 1062 334 1120; x_wconf 90' lang='grc'>81</span> <span class='ocrx_word' id='word_1_50' title='bbox 360 1054 536 1120; x_wconf 84' lang='lat' dir='ltr'>Aristidem</span> <span class='ocrx_word' id='word_1_51' title='bbox 562 1052 740 1118; x_wconf 81' lang='lat' dir='ltr'>invenimus</span> <span class='ocrx_word' id='word_1_52' title='bbox 772 1052 876 1118; x_wconf 90' lang='lat' dir='ltr'>multo</span> <span class='ocrx_word' id='word_1_53' title='bbox 903 1054 1066 1121; x_wconf 89' lang='lat' dir='ltr'>meliorem</span> <span class='ocrx_word' id='word_1_54' title='bbox 1100 1076 1178 1133; x_wconf 90' lang='lat' dir='ltr'>esse,</span> <span class='ocrx_word' id='word_1_55' title='bbox 1212 1075 1311 1137; x_wconf 88' lang='lat' dir='ltr'>quam</span> 
     </span>
     <span class='ocr_line' id='line_1_9' title="bbox 138 1148 1311 1243; baseline -0.004 -19"><span class='ocrx_word' id='word_1_56' title='bbox 138 1159 294 1239; x_wconf 91' lang='lat' dir='ltr'>codicum,</span> <span class='ocrx_word' id='word_1_57' title='bbox 318 1159 480 1240; x_wconf 88' lang='lat' dir='ltr'>quianon</span> <span class='ocrx_word' id='word_1_58' title='bbox 502 1155 607 1221; x_wconf 89' lang='lat' dir='ltr'>solum</span> <span class='ocrx_word' id='word_1_59' title='bbox 628 1148 722 1218; x_wconf 84' lang='grc' dir='ltr'><strong><em>αύτοί</em></strong></span> <span class='ocrx_word' id='word_1_60' title='bbox 742 1157 878 1238; x_wconf 90' lang='lat' dir='ltr'>propius</span> <span class='ocrx_word' id='word_1_61' title='bbox 896 1157 1024 1222; x_wconf 89' lang='lat' dir='ltr'>accedit</span> <span class='ocrx_word' id='word_1_62' title='bbox 1045 1158 1088 1221; x_wconf 91' lang='lat' dir='ltr'>ad</span> <span class='ocrx_word' id='word_1_63' title='bbox 1109 1153 1195 1242; x_wconf 83' lang='grc' dir='ltr'><strong><em>τορὸς</em></strong></span> <span class='ocrx_word' id='word_1_64' title='bbox 1215 1149 1311 1243; x_wconf 81' lang='grc' dir='ltr'><em>ἀλλή-</em></span> 
     </span>
     <span class='ocr_line' id='line_1_10' title="bbox 137 1250 1311 1342; baseline -0.002 -17"><span class='ocrx_word' id='word_1_65' title='bbox 137 1261 222 1338; x_wconf 82' lang='grc' dir='ltr'>λους,</span> <span class='ocrx_word' id='word_1_66' title='bbox 255 1260 314 1326; x_wconf 91' lang='lat' dir='ltr'>sed</span> <span class='ocrx_word' id='word_1_67' title='bbox 343 1260 441 1324; x_wconf 89' lang='lat' dir='ltr'>etiam</span> <span class='ocrx_word' id='word_1_68' title='bbox 472 1250 542 1322; x_wconf 76' lang='grc' dir='ltr'><strong><em>ἴσοι</em></strong></span> <span class='ocrx_word' id='word_1_69' title='bbox 571 1277 631 1340; x_wconf 88' lang='lat' dir='ltr'>per</span> <span class='ocrx_word' id='word_1_70' title='bbox 659 1254 794 1338; x_wconf 84' lang='grc' dir='ltr'><strong><em>μᾶλλον,</em></strong></span> <span class='ocrx_word' id='word_1_71' title='bbox 829 1260 917 1340; x_wconf 90' lang='lat' dir='ltr'>quod</span> <span class='ocrx_word' id='word_1_72' title='bbox 949 1259 1167 1342; x_wconf 80' lang='lat' dir='ltr'>subsequitur,</span> <span class='ocrx_word' id='word_1_73' title='bbox 1202 1261 1311 1342; x_wconf 87' lang='lat' dir='ltr'>aptius</span> 
     </span>
     <span class='ocr_line' id='line_1_11' title="bbox 139 1358 1312 1443; baseline -0.001 -16"><span class='ocrx_word' id='word_1_74' title='bbox 139 1361 280 1428; x_wconf 85' lang='lat' dir='ltr'>effertur.</span> <span class='ocrx_word' id='word_1_75' title='bbox 323 1361 438 1443; x_wconf 88' lang='lat' dir='ltr'>Itaque</span> <span class='ocrx_word' id='word_1_76' title='bbox 449 1359 601 1425; x_wconf 83' lang='lat' dir='ltr'>Aristidis</span> <span class='ocrx_word' id='word_1_77' title='bbox 616 1358 779 1442; x_wconf 90' lang='lat' dir='ltr'>scriptura</span> <span class='ocrx_word' id='word_1_78' title='bbox 794 1360 1006 1442; x_wconf 89' lang='lat' dir='ltr'>praeferenda</span> <span class='ocrx_word' id='word_1_79' title='bbox 1020 1361 1158 1439; x_wconf 84' lang='lat' dir='ltr'>videtur,</span> <span class='ocrx_word' id='word_1_80' title='bbox 1173 1360 1312 1426; x_wconf 88' lang='lat' dir='ltr'>fortasse</span> 
     </span>
     <span class='ocr_line' id='line_1_12' title="bbox 139 1455 1310 1546; baseline -0.003 -17"><span class='ocrx_word' id='word_1_81' title='bbox 139 1471 248 1530; x_wconf 89' lang='lat' dir='ltr'>autem</span> <span class='ocrx_word' id='word_1_82' title='bbox 269 1455 374 1541; x_wconf 86' lang='grc' dir='ltr'><strong><em>αύτοί,</em></strong></span> <span class='ocrx_word' id='word_1_83' title='bbox 395 1468 435 1528; x_wconf 92' lang='grc'>81</span> <span class='ocrx_word' id='word_1_84' title='bbox 457 1462 539 1528; x_wconf 90' lang='grc'>81188</span> <span class='ocrx_word' id='word_1_85' title='bbox 560 1481 689 1544; x_wconf 91' lang='grc'>888888</span> <span class='ocrx_word' id='word_1_86' title='bbox 711 1460 792 1546; x_wconf 85' lang='grc'>(888</span> <span class='ocrx_word' id='word_1_87' title='bbox 814 1460 855 1527; x_wconf 91' lang='lat' dir='ltr'>de</span> <span class='ocrx_word' id='word_1_88' title='bbox 875 1484 912 1528; x_wconf 91' lang='lat' dir='ltr'>re</span> <span class='ocrx_word' id='word_1_89' title='bbox 933 1483 1034 1546; x_wconf 88' lang='lat' dir='ltr'>supra</span> <span class='ocrx_word' id='word_1_90' title='bbox 1054 1462 1097 1527; x_wconf 89' lang='lat' dir='ltr'>ad</span> <span class='ocrx_word' id='word_1_91' title='bbox 1112 1462 1137 1541; x_wconf 94' lang='grc' dir='ltr'>Ι,</span> <span class='ocrx_word' id='word_1_92' title='bbox 1163 1464 1221 1527; x_wconf 92' lang='grc'>141</span> <span class='ocrx_word' id='word_1_93' title='bbox 1245 1464 1310 1546; x_wconf 86' lang='lat' dir='ltr'>egi)</span> 
     </span>
     <span class='ocr_line' id='line_1_13' title="bbox 138 1564 631 1632; baseline -0.008 0"><span class='ocrx_word' id='word_1_94' title='bbox 138 1566 396 1632; x_wconf 88' lang='lat' dir='ltr'>additamentum</span> <span class='ocrx_word' id='word_1_95' title='bbox 416 1564 549 1630; x_wconf 88' lang='lat' dir='ltr'>lectoris</span> <span class='ocrx_word' id='word_1_96' title='bbox 573 1569 631 1629; x_wconf 86' lang='lat' dir='ltr'>est</span> 
     </span>
    </p>

    <p class='ocr_par' dir='ltr' id='par_1_4' title="bbox 138 1659 1318 3693">
     <span class='ocr_line' id='line_1_14' title="bbox 225 1659 1314 1751; baseline -0.003 -17"><span class='ocrx_word' id='word_1_97' title='bbox 225 1667 264 1747; x_wconf 85' lang='lat' dir='ltr'>V,</span> <span class='ocrx_word' id='word_1_98' title='bbox 290 1668 340 1734; x_wconf 82' lang='lat'>15.</span> <span class='ocrx_word' id='word_1_99' title='bbox 377 1666 463 1751; x_wconf 79' lang='lat'>(325,</span> <span class='ocrx_word' id='word_1_100' title='bbox 486 1666 543 1750; x_wconf 79' lang='lat'>27)</span> <span class='ocrx_word' id='word_1_101' title='bbox 577 1659 723 1747; x_wconf 79' lang='grc' dir='ltr'><strong><em>μάλιστα</em></strong></span> <span class='ocrx_word' id='word_1_102' title='bbox 744 1663 782 1730; x_wconf 74' lang='grc' dir='ltr'>δὲ</span> <span class='ocrx_word' id='word_1_103' title='bbox 809 1659 840 1730; x_wconf 77' lang='lat' dir='ltr'>oi</span> <span class='ocrx_word' id='word_1_104' title='bbox 866 1665 935 1729; x_wconf 78' lang='grc' dir='ltr'><strong><em>τῶν</em></strong></span> <span class='ocrx_word' id='word_1_105' title='bbox 956 1664 1132 1749; x_wconf 77' lang='grc' dir='ltr'><em>δεδεμένων</em></span> <span class='ocrx_word' id='word_1_106' title='bbox 1154 1667 1314 1750; x_wconf 75' lang='grc' dir='ltr'><em>συγγενεῖς</em></span> 
     </span>
     <span class='ocr_line' id='line_1_15' title="bbox 139 1759 1313 1856; baseline -0.002 -20"><span class='ocrx_word' id='word_1_107' title='bbox 139 1768 251 1856; x_wconf 73' lang='grc' dir='ltr'><strong><em>ἐνῆγον</em></strong></span> <span class='ocrx_word' id='word_1_108' title='bbox 272 1767 327 1834; x_wconf 82' lang='grc' dir='ltr'><strong><em>καὶ</em></strong></span> <span class='ocrx_word' id='word_1_109' title='bbox 351 1764 557 1848; x_wconf 76' lang='grc' dir='ltr'><strong><em>ἐσπούδαζον</em></strong></span> <span class='ocrx_word' id='word_1_110' title='bbox 580 1761 624 1844; x_wconf 76' lang='grc' dir='ltr'>ὥς</span> <span class='ocrx_word' id='word_1_111' title='bbox 644 1759 684 1831; x_wconf 75' lang='lat' dir='ltr'>dr</span> <span class='ocrx_word' id='word_1_112' title='bbox 703 1760 814 1854; x_wconf 78' lang='grc' dir='ltr'><strong><em>εἰρήνη</em></strong></span> <span class='ocrx_word' id='word_1_113' title='bbox 835 1766 979 1854; x_wconf 83' lang='grc' dir='ltr'><strong><em>γένηται]</em></strong></span> <span class='ocrx_word' id='word_1_114' title='bbox 1001 1769 1084 1834; x_wconf 90' lang='lat' dir='ltr'>haec</span> <span class='ocrx_word' id='word_1_115' title='bbox 1097 1770 1206 1848; x_wconf 88' lang='lat' dir='ltr'>verba,</span> <span class='ocrx_word' id='word_1_116' title='bbox 1229 1790 1313 1852; x_wconf 91' lang='lat' dir='ltr'>quae</span> 
     </span>
     <span class='ocr_line' id='line_1_16' title="bbox 138 1869 1314 1953; baseline 0 -15"><span class='ocrx_word' id='word_1_117' title='bbox 138 1873 344 1939; x_wconf 83' lang='lat' dir='ltr'>inveniuntur</span> <span class='ocrx_word' id='word_1_118' title='bbox 368 1877 512 1936; x_wconf 88' lang='lat' dir='ltr'>extremo</span> <span class='ocrx_word' id='word_1_119' title='bbox 540 1869 663 1936; x_wconf 91' lang='lat' dir='ltr'>scholio</span> <span class='ocrx_word' id='word_1_120' title='bbox 685 1869 728 1934; x_wconf 88' lang='lat' dir='ltr'>ad</span> <span class='ocrx_word' id='word_1_121' title='bbox 750 1869 805 1935; x_wconf 89' lang='lat' dir='ltr'>Ar.</span> <span class='ocrx_word' id='word_1_122' title='bbox 828 1870 1026 1953; x_wconf 78' lang='grc'>8888111479</span> <span class='ocrx_word' id='word_1_123' title='bbox 1060 1870 1166 1937; x_wconf 89' lang='lat' dir='ltr'>aliena</span> <span class='ocrx_word' id='word_1_124' title='bbox 1194 1879 1314 1938; x_wconf 88' lang='lat' dir='ltr'>sunta</span> 
     </span>
     <span class='ocr_line' id='line_1_17' title="bbox 138 1970 1313 2057; baseline 0.001 -19"><span class='ocrx_word' id='word_1_125' title='bbox 138 1975 259 2040; x_wconf 89' lang='grc'>11881118</span> <span class='ocrx_word' id='word_1_126' title='bbox 281 1974 446 2039; x_wconf 88' lang='lat' dir='ltr'>codicibus</span> <span class='ocrx_word' id='word_1_127' title='bbox 460 1974 497 2057; x_wconf 94' lang='lat'>¹).</span> <span class='ocrx_word' id='word_1_128' title='bbox 540 1972 648 2054; x_wconf 82' lang='lat' dir='ltr'>Atque</span> <span class='ocrx_word' id='word_1_129' title='bbox 669 1971 725 2036; x_wconf 91' lang='lat' dir='ltr'>illo</span> <span class='ocrx_word' id='word_1_130' title='bbox 748 1972 878 2055; x_wconf 90' lang='lat' dir='ltr'>quidem</span> <span class='ocrx_word' id='word_1_131' title='bbox 901 1970 981 2048; x_wconf 85' lang='lat' dir='ltr'>loco,</span> <span class='ocrx_word' id='word_1_132' title='bbox 1004 1993 1069 2055; x_wconf 92' lang='lat' dir='ltr'>quo</span> <span class='ocrx_word' id='word_1_133' title='bbox 1091 1974 1215 2039; x_wconf 87' lang='lat' dir='ltr'>tradita</span> <span class='ocrx_word' id='word_1_134' title='bbox 1236 1980 1313 2038; x_wconf 91' lang='lat' dir='ltr'>sunt</span> 
     </span>
     <span class='ocr_line' id='line_1_18' title="bbox 141 2073 1314 2158; baseline -0.002 -16"><span class='ocrx_word' id='word_1_135' title='bbox 141 2098 161 2142; x_wconf 98' lang='grc'>8</span> <span class='ocrx_word' id='word_1_136' title='bbox 183 2075 357 2142; x_wconf 83' lang='lat' dir='ltr'>scholiasta</span> <span class='ocrx_word' id='word_1_137' title='bbox 379 2075 503 2158; x_wconf 90' lang='lat' dir='ltr'>scripta</span> <span class='ocrx_word' id='word_1_138' title='bbox 524 2093 593 2138; x_wconf 90' lang='grc'>8888</span> <span class='ocrx_word' id='word_1_139' title='bbox 614 2094 679 2139; x_wconf 91' lang='lat' dir='ltr'>non</span> <span class='ocrx_word' id='word_1_140' title='bbox 700 2093 795 2157; x_wconf 86' lang='lat' dir='ltr'>posse</span> <span class='ocrx_word' id='word_1_141' title='bbox 817 2073 1039 2158; x_wconf 89' lang='lat' dir='ltr'>aThucydide</span> <span class='ocrx_word' id='word_1_142' title='bbox 1053 2076 1164 2140; x_wconf 88' lang='lat' dir='ltr'>statim</span> <span class='ocrx_word' id='word_1_143' title='bbox 1186 2075 1314 2140; x_wconf 90' lang='lat' dir='ltr'>intelle-</span> 
     </span>
     <span class='ocr_line' id='line_1_19' title="bbox 140 2170 1315 2262; baseline -0.002 -18"><span class='ocrx_word' id='word_1_144' title='bbox 140 2180 237 2262; x_wconf 84' lang='lat' dir='ltr'>gitur.</span> <span class='ocrx_word' id='word_1_145' title='bbox 282 2178 470 2260; x_wconf 85' lang='lat' dir='ltr'>Nam&#39;quae</span> <span class='ocrx_word' id='word_1_146' title='bbox 485 2182 639 2241; x_wconf 87' lang='lat' dir='ltr'>secuntur</span> <span class='ocrx_word' id='word_1_147' title='bbox 660 2175 759 2242; x_wconf 86' lang='lat' dir='ltr'>verba</span> <span class='ocrx_word' id='word_1_148' title='bbox 780 2173 969 2261; x_wconf 74' lang='grc' dir='ltr'><strong><em>σφαλέντων</em></strong></span> <span class='ocrx_word' id='word_1_149' title='bbox 991 2173 1027 2241; x_wconf 79' lang='grc' dir='ltr'>δὲ</span> <span class='ocrx_word' id='word_1_150' title='bbox 1050 2170 1160 2240; x_wconf 76' lang='grc' dir='ltr'><strong><em>αὐτῶν</em></strong></span> <span class='ocrx_word' id='word_1_151' title='bbox 1181 2175 1249 2242; x_wconf 79' lang='grc' dir='ltr'><strong><em>κτλ.</em></strong></span> <span class='ocrx_word' id='word_1_152' title='bbox 1272 2178 1315 2242; x_wconf 91' lang='lat' dir='ltr'>ad</span> 
     </span>
     <span class='ocr_line' id='line_1_20' title="bbox 140 2278 1315 2364; baseline 0 -19"><span class='ocrx_word' id='word_1_153' title='bbox 140 2280 354 2346; x_wconf 83' lang='lat' dir='ltr'>Athenienses</span> <span class='ocrx_word' id='word_1_154' title='bbox 376 2285 525 2364; x_wconf 85' lang='lat' dir='ltr'>spectare</span> <span class='ocrx_word' id='word_1_155' title='bbox 547 2298 629 2361; x_wconf 91' lang='lat' dir='ltr'>opus</span> <span class='ocrx_word' id='word_1_156' title='bbox 659 2284 719 2356; x_wconf 89' lang='grc'>881,</span> <span class='ocrx_word' id='word_1_157' title='bbox 752 2279 802 2343; x_wconf 88' lang='grc'>118</span> <span class='ocrx_word' id='word_1_158' title='bbox 834 2284 873 2343; x_wconf 90' lang='grc'>81</span> <span class='ocrx_word' id='word_1_159' title='bbox 904 2279 1084 2344; x_wconf 82' lang='lat' dir='ltr'>arctissime</span> <span class='ocrx_word' id='word_1_160' title='bbox 1115 2299 1188 2344; x_wconf 92' lang='lat' dir='ltr'>cum</span> <span class='ocrx_word' id='word_1_161' title='bbox 1208 2278 1315 2345; x_wconf 87' lang='lat' dir='ltr'>verbis</span> 
     </span>
     <span class='ocr_line' id='line_1_21' title="bbox 140 2374 1315 2468; baseline 0 -21"><span class='ocrx_word' id='word_1_162' title='bbox 140 2375 211 2447; x_wconf 77' lang='grc' dir='ltr'>ἀλλ’</span> <span class='ocrx_word' id='word_1_163' title='bbox 237 2377 270 2446; x_wconf 79' lang='lat' dir='ltr'>oi</span> <span class='ocrx_word' id='word_1_164' title='bbox 288 2374 465 2468; x_wconf 75' lang='grc' dir='ltr'><strong><em>Ἀθηναῖοι</em></strong></span> <span class='ocrx_word' id='word_1_165' title='bbox 480 2417 522 2429; x_wconf 93' lang='lat'>-</span> <span class='ocrx_word' id='word_1_166' title='bbox 532 2375 761 2445; x_wconf 75' lang='grc' dir='ltr'><strong><em>καταλύεσθαι</em></strong></span> <span class='ocrx_word' id='word_1_167' title='bbox 778 2380 981 2446; x_wconf 87' lang='lat' dir='ltr'>cohaereant.</span> <span class='ocrx_word' id='word_1_168' title='bbox 1017 2381 1103 2463; x_wconf 87' lang='lat' dir='ltr'>Ergo</span> <span class='ocrx_word' id='word_1_169' title='bbox 1117 2380 1204 2447; x_wconf 89' lang='lat' dir='ltr'>inter</span> <span class='ocrx_word' id='word_1_170' title='bbox 1215 2381 1315 2447; x_wconf 87' lang='lat' dir='ltr'>verba</span> 
     </span>
     <span class='ocr_line' id='line_1_22' title="bbox 140 2477 1315 2569; baseline 0.001 -21"><span class='ocrx_word' id='word_1_171' title='bbox 140 2477 366 2548; x_wconf 68' lang='grc' dir='ltr'><strong><em>καταλύεσθαι</em></strong></span> <span class='ocrx_word' id='word_1_172' title='bbox 389 2488 423 2547; x_wconf 89' lang='grc'>81</span> <span class='ocrx_word' id='word_1_173' title='bbox 444 2480 633 2569; x_wconf 75' lang='grc' dir='ltr'><strong><em>σφαλέντων</em></strong></span> <span class='ocrx_word' id='word_1_174' title='bbox 654 2483 771 2550; x_wconf 88' lang='grc'>188888</span> <span class='ocrx_word' id='word_1_175' title='bbox 793 2503 862 2549; x_wconf 88' lang='grc'>8888</span> <span class='ocrx_word' id='word_1_176' title='bbox 884 2504 946 2549; x_wconf 87' lang='grc'>188</span> <span class='ocrx_word' id='word_1_177' title='bbox 968 2489 1087 2566; x_wconf 86' lang='lat' dir='ltr'>potest.</span> <span class='ocrx_word' id='word_1_178' title='bbox 1134 2483 1190 2550; x_wconf 83' lang='lat' dir='ltr'>Sin</span> <span class='ocrx_word' id='word_1_179' title='bbox 1205 2491 1315 2550; x_wconf 90' lang='lat' dir='ltr'>autem</span> 
     </span>
     <span class='ocr_line' id='line_1_23' title="bbox 140 2580 1315 2672; baseline -0.001 -19"><span class='ocrx_word' id='word_1_180' title='bbox 140 2585 299 2653; x_wconf 87' lang='lat' dir='ltr'>vocabula</span> <span class='ocrx_word' id='word_1_181' title='bbox 309 2580 455 2667; x_wconf 81' lang='grc' dir='ltr'><strong><em>μάλιστα</em></strong></span> <span class='ocrx_word' id='word_1_182' title='bbox 466 2621 508 2632; x_wconf 92' lang='grc'><strong>-</strong></span> <span class='ocrx_word' id='word_1_183' title='bbox 519 2582 648 2672; x_wconf 73' lang='grc' dir='ltr'><strong><em>γένηται</em></strong></span> <span class='ocrx_word' id='word_1_184' title='bbox 659 2608 723 2669; x_wconf 91' lang='grc'>888</span> <span class='ocrx_word' id='word_1_185' title='bbox 734 2586 805 2653; x_wconf 87' lang='grc'>1888</span> <span class='ocrx_word' id='word_1_186' title='bbox 818 2587 994 2651; x_wconf 88' lang='lat' dir='ltr'>traduntur</span> <span class='ocrx_word' id='word_1_187' title='bbox 1010 2585 1144 2651; x_wconf 87' lang='lat' dir='ltr'>retineri</span> <span class='ocrx_word' id='word_1_188' title='bbox 1157 2606 1221 2651; x_wconf 91' lang='lat' dir='ltr'>non</span> <span class='ocrx_word' id='word_1_189' title='bbox 1239 2605 1315 2669; x_wconf 91' lang='lat' dir='ltr'>pos-</span> 
     </span>
     <span class='ocr_line' id='line_1_24' title="bbox 141 2686 1315 2773; baseline -0.001 -18"><span class='ocrx_word' id='word_1_190' title='bbox 141 2696 228 2768; x_wconf 91' lang='lat' dir='ltr'>sunt,</span> <span class='ocrx_word' id='word_1_191' title='bbox 250 2694 309 2754; x_wconf 87' lang='lat' dir='ltr'>sut</span> <span class='ocrx_word' id='word_1_192' title='bbox 330 2707 350 2752; x_wconf 90' lang='lat' dir='ltr'>a</span> <span class='ocrx_word' id='word_1_193' title='bbox 371 2686 547 2752; x_wconf 88' lang='lat' dir='ltr'>scholiasta</span> <span class='ocrx_word' id='word_1_194' title='bbox 568 2688 683 2753; x_wconf 87' lang='lat' dir='ltr'>addita</span> <span class='ocrx_word' id='word_1_195' title='bbox 705 2709 781 2772; x_wconf 87' lang='lat' dir='ltr'>ergo</span> <span class='ocrx_word' id='word_1_196' title='bbox 803 2688 986 2773; x_wconf 86' lang='lat' dir='ltr'>Thucydidi</span> <span class='ocrx_word' id='word_1_197' title='bbox 1008 2687 1234 2767; x_wconf 88' lang='lat' dir='ltr'>abiudicanda,</span> <span class='ocrx_word' id='word_1_198' title='bbox 1257 2695 1315 2754; x_wconf 93' lang='lat' dir='ltr'>aut</span> 
     </span>
     <span class='ocr_line' id='line_1_25' title="bbox 142 2789 1314 2874; baseline -0.001 -19"><span class='ocrx_word' id='word_1_199' title='bbox 142 2793 175 2855; x_wconf 91' lang='lat' dir='ltr'>in</span> <span class='ocrx_word' id='word_1_200' title='bbox 197 2791 295 2856; x_wconf 92' lang='lat' dir='ltr'>alium</span> <span class='ocrx_word' id='word_1_201' title='bbox 317 2789 423 2855; x_wconf 89' lang='lat' dir='ltr'>locum</span> <span class='ocrx_word' id='word_1_202' title='bbox 445 2790 688 2873; x_wconf 86' lang='lat' dir='ltr'>transponenda</span> <span class='ocrx_word' id='word_1_203' title='bbox 717 2810 786 2856; x_wconf 88' lang='lat' dir='ltr'>esse</span> <span class='ocrx_word' id='word_1_204' title='bbox 808 2796 956 2874; x_wconf 88' lang='lat' dir='ltr'>apparet.</span> <span class='ocrx_word' id='word_1_205' title='bbox 999 2790 1107 2874; x_wconf 87' lang='lat' dir='ltr'>Atque</span> <span class='ocrx_word' id='word_1_206' title='bbox 1129 2792 1220 2873; x_wconf 91' lang='lat' dir='ltr'>prius</span> <span class='ocrx_word' id='word_1_207' title='bbox 1241 2792 1314 2873; x_wconf 90' lang='lat' dir='ltr'>qui-</span> 
     </span>
     <span class='ocr_line' id='line_1_26' title="bbox 143 2890 1315 2976; baseline 0 -19"><span class='ocrx_word' id='word_1_208' title='bbox 143 2895 226 2971; x_wconf 90' lang='lat' dir='ltr'>dem,</span> <span class='ocrx_word' id='word_1_209' title='bbox 249 2913 321 2957; x_wconf 93' lang='lat' dir='ltr'>cum</span> <span class='ocrx_word' id='word_1_210' title='bbox 342 2890 515 2957; x_wconf 87' lang='lat' dir='ltr'>verisimile</span> <span class='ocrx_word' id='word_1_211' title='bbox 536 2911 600 2956; x_wconf 91' lang='lat' dir='ltr'>non</span> <span class='ocrx_word' id='word_1_212' title='bbox 624 2898 682 2971; x_wconf 91' lang='grc'>881,</span> <span class='ocrx_word' id='word_1_213' title='bbox 706 2894 869 2976; x_wconf 90' lang='lat' dir='ltr'>quianon</span> <span class='ocrx_word' id='word_1_214' title='bbox 892 2891 988 2958; x_wconf 85' lang='grc'>188118</span> <span class='ocrx_word' id='word_1_215' title='bbox 1008 2891 1218 2974; x_wconf 84' lang='lat' dir='ltr'>intellegitur,</span> <span class='ocrx_word' id='word_1_216' title='bbox 1242 2895 1315 2975; x_wconf 92' lang='lat' dir='ltr'>qui·</span> 
     </span>
     <span class='ocr_line' id='line_1_27' title="bbox 142 2993 1316 3078; baseline -0.002 -17"><span class='ocrx_word' id='word_1_217' title='bbox 142 2996 204 3061; x_wconf 90' lang='lat' dir='ltr'>bus</span> <span class='ocrx_word' id='word_1_218' title='bbox 232 2997 337 3060; x_wconf 89' lang='lat' dir='ltr'>causis</span> <span class='ocrx_word' id='word_1_219' title='bbox 366 2999 545 3059; x_wconf 85' lang='lat' dir='ltr'>commotus</span> <span class='ocrx_word' id='word_1_220' title='bbox 570 2994 796 3078; x_wconf 89' lang='lat' dir='ltr'>Aristophanis</span> <span class='ocrx_word' id='word_1_221' title='bbox 828 2994 1004 3060; x_wconf 87' lang='lat' dir='ltr'>scholiasta</span> <span class='ocrx_word' id='word_1_222' title='bbox 1035 2994 1118 3059; x_wconf 91' lang='lat' dir='ltr'>haec</span> <span class='ocrx_word' id='word_1_223' title='bbox 1145 2993 1244 3059; x_wconf 86' lang='lat' dir='ltr'>verba</span> <span class='ocrx_word' id='word_1_224' title='bbox 1273 2996 1316 3059; x_wconf 89' lang='lat' dir='ltr'>ad</span> 
     </span>
     <span class='ocr_line' id='line_1_28' title="bbox 144 3095 1316 3180; baseline 0.001 -19"><span class='ocrx_word' id='word_1_225' title='bbox 144 3116 237 3161; x_wconf 91' lang='lat' dir='ltr'>suam</span> <span class='ocrx_word' id='word_1_226' title='bbox 258 3117 326 3161; x_wconf 92' lang='lat' dir='ltr'>rem</span> <span class='ocrx_word' id='word_1_227' title='bbox 348 3096 478 3160; x_wconf 92' lang='lat' dir='ltr'>minime</span> <span class='ocrx_word' id='word_1_228' title='bbox 493 3096 674 3161; x_wconf 88' lang='lat' dir='ltr'>necessaria</span> <span class='ocrx_word' id='word_1_229' title='bbox 690 3096 862 3175; x_wconf 88' lang='lat' dir='ltr'>addiderit,</span> <span class='ocrx_word' id='word_1_230' title='bbox 884 3097 946 3160; x_wconf 92' lang='lat' dir='ltr'>nisi</span> <span class='ocrx_word' id='word_1_231' title='bbox 968 3096 1002 3161; x_wconf 93' lang='lat' dir='ltr'>in</span> <span class='ocrx_word' id='word_1_232' title='bbox 1014 3095 1212 3180; x_wconf 88' lang='lat' dir='ltr'>Thucydidis</span> <span class='ocrx_word' id='word_1_233' title='bbox 1233 3096 1316 3162; x_wconf 90' lang='lat' dir='ltr'>libro</span> 
     </span>
     <span class='ocr_line' id='line_1_29' title="bbox 144 3195 1316 3285; baseline 0 -22"><span class='ocrx_word' id='word_1_234' title='bbox 144 3199 280 3276; x_wconf 89' lang='lat' dir='ltr'>inerant,</span> <span class='ocrx_word' id='word_1_235' title='bbox 302 3204 371 3262; x_wconf 91' lang='lat' dir='ltr'>tum</span> <span class='ocrx_word' id='word_1_236' title='bbox 393 3198 475 3263; x_wconf 92' lang='lat' dir='ltr'>haec</span> <span class='ocrx_word' id='word_1_237' title='bbox 496 3198 594 3263; x_wconf 83' lang='lat' dir='ltr'>verba</span> <span class='ocrx_word' id='word_1_238' title='bbox 614 3195 759 3280; x_wconf 80' lang='grc' dir='ltr'><strong><em>μάλιστα</em></strong></span> <span class='ocrx_word' id='word_1_239' title='bbox 782 3234 815 3246; x_wconf 94' lang='lat'>-</span> <span class='ocrx_word' id='word_1_240' title='bbox 844 3197 974 3285; x_wconf 82' lang='grc' dir='ltr'><strong><em>γένηται</em></strong></span> <span class='ocrx_word' id='word_1_241' title='bbox 996 3219 1032 3263; x_wconf 88' lang='grc'>18</span> <span class='ocrx_word' id='word_1_242' title='bbox 1053 3218 1130 3263; x_wconf 85' lang='grc'>1818</span> <span class='ocrx_word' id='word_1_243' title='bbox 1151 3219 1171 3262; x_wconf 89' lang='grc'>8</span> <span class='ocrx_word' id='word_1_244' title='bbox 1192 3198 1316 3283; x_wconf 92' lang='lat' dir='ltr'>Thucy-</span> 
     </span>
     <span class='ocr_line' id='line_1_30' title="bbox 145 3299 1317 3385; baseline 0.001 -20"><span class='ocrx_word' id='word_1_245' title='bbox 145 3302 220 3365; x_wconf 90' lang='lat' dir='ltr'>dide</span> <span class='ocrx_word' id='word_1_246' title='bbox 241 3301 365 3382; x_wconf 89' lang='lat' dir='ltr'>scripta</span> <span class='ocrx_word' id='word_1_247' title='bbox 388 3307 421 3364; x_wconf 88' lang='lat' dir='ltr'>et</span> <span class='ocrx_word' id='word_1_248' title='bbox 442 3301 523 3365; x_wconf 88' lang='lat' dir='ltr'>satis</span> <span class='ocrx_word' id='word_1_249' title='bbox 545 3301 602 3365; x_wconf 92' lang='lat' dir='ltr'>diu</span> <span class='ocrx_word' id='word_1_250' title='bbox 631 3307 761 3365; x_wconf 85' lang='lat' dir='ltr'>servata</span> <span class='ocrx_word' id='word_1_251' title='bbox 792 3320 870 3378; x_wconf 88' lang='lat' dir='ltr'>esse,</span> <span class='ocrx_word' id='word_1_252' title='bbox 904 3299 1097 3366; x_wconf 88' lang='lat' dir='ltr'>scholiastae</span> <span class='ocrx_word' id='word_1_253' title='bbox 1120 3300 1317 3385; x_wconf 84' lang='lat' dir='ltr'>Thucydidis</span> 
     </span>
     <span class='ocr_line' id='line_1_31' title="bbox 145 3393 1317 3486; baseline -0.002 -17"><span class='ocrx_word' id='word_1_254' title='bbox 145 3403 296 3469; x_wconf 90' lang='lat' dir='ltr'>adhunc</span> <span class='ocrx_word' id='word_1_255' title='bbox 324 3400 429 3466; x_wconf 88' lang='lat' dir='ltr'>locum</span> <span class='ocrx_word' id='word_1_256' title='bbox 459 3403 625 3486; x_wconf 89' lang='lat' dir='ltr'>adscripta</span> <span class='ocrx_word' id='word_1_257' title='bbox 652 3403 770 3468; x_wconf 88' lang='lat' dir='ltr'>docent</span> <span class='ocrx_word' id='word_1_258' title='bbox 796 3401 912 3468; x_wconf 87' lang='lat' dir='ltr'>verba:</span> <span class='ocrx_word' id='word_1_259' title='bbox 948 3395 994 3477; x_wconf 79' lang='grc' dir='ltr'>ὡς</span> <span class='ocrx_word' id='word_1_260' title='bbox 1021 3398 1060 3466; x_wconf 90' lang='grc' dir='ltr'>τὸ</span> <span class='ocrx_word' id='word_1_261' title='bbox 1085 3395 1171 3479; x_wconf 75' lang='grc' dir='ltr'><strong>εἰκὸς</strong></span> <span class='ocrx_word' id='word_1_262' title='bbox 1198 3393 1257 3467; x_wconf 78' lang='grc' dir='ltr'><strong><em>οὖν</em></strong></span> <span class='ocrx_word' id='word_1_263' title='bbox 1285 3397 1317 3467; x_wconf 75' lang='grc' dir='ltr'>οἳ</span> 
     </span>
     <span class='ocr_line' id='line_1_32' title="bbox 148 3496 1316 3591; baseline 0.001 -22"><span class='ocrx_word' id='word_1_264' title='bbox 148 3506 309 3588; x_wconf 79' lang='grc' dir='ltr'><strong><em>συγγενεῖς</em></strong></span> <span class='ocrx_word' id='word_1_265' title='bbox 330 3496 438 3569; x_wconf 76' lang='grc' dir='ltr'><strong><em>αὐτῶν</em></strong></span> <span class='ocrx_word' id='word_1_266' title='bbox 461 3501 608 3591; x_wconf 75' lang='grc' dir='ltr'><strong><em>σπουδὴν</em></strong></span> <span class='ocrx_word' id='word_1_267' title='bbox 630 3499 813 3572; x_wconf 74' lang='grc' dir='ltr'><strong><em>ἐποιοῦντο.</em></strong></span> <span class='ocrx_word' id='word_1_268' title='bbox 858 3504 965 3569; x_wconf 92' lang='lat' dir='ltr'>Verba</span> <span class='ocrx_word' id='word_1_269' title='bbox 979 3501 1129 3590; x_wconf 75' lang='grc' dir='ltr'><strong><em>σπουδὴν</em></strong></span> <span class='ocrx_word' id='word_1_270' title='bbox 1144 3503 1316 3570; x_wconf 79' lang='grc' dir='ltr'><strong><em>ἐποιοῦντο</em></strong></span> 
     </span>
     <span class='ocr_line' id='line_1_33' title="bbox 147 3602 1318 3693; baseline 0.002 -21"><span class='ocrx_word' id='word_1_271' title='bbox 147 3609 190 3672; x_wconf 90' lang='lat' dir='ltr'>ad</span> <span class='ocrx_word' id='word_1_272' title='bbox 218 3627 328 3672; x_wconf 89' lang='lat' dir='ltr'>rarum</span> <span class='ocrx_word' id='word_1_273' title='bbox 354 3604 435 3670; x_wconf 93' lang='lat' dir='ltr'>illud</span> <span class='ocrx_word' id='word_1_274' title='bbox 464 3602 575 3693; x_wconf 77' lang='grc' dir='ltr'><strong><em>ἐνῆγον</em></strong></span> <span class='ocrx_word' id='word_1_275' title='bbox 597 3607 824 3691; x_wconf 85' lang='lat' dir='ltr'>explicandum</span> <span class='ocrx_word' id='word_1_276' title='bbox 846 3607 996 3672; x_wconf 84' lang='lat' dir='ltr'>uidentur</span> <span class='ocrx_word' id='word_1_277' title='bbox 1018 3607 1193 3691; x_wconf 87' lang='lat' dir='ltr'>adscripta,</span> <span class='ocrx_word' id='word_1_278' title='bbox 1225 3608 1318 3674; x_wconf 91' lang='lat' dir='ltr'>lucu·</span> 
     </span>
    </p>
   </div>
   <div class='ocr_carea' id='block_1_3' title="bbox 148 3826 1320 4517">
    <p class='ocr_par' dir='ltr' id='par_1_5' title="bbox 148 3826 1320 4517">
     <span class='ocr_line' id='line_1_34' title="bbox 237 3826 1319 3901; baseline 0.003 -17"><span class='ocrx_word' id='word_1_279' title='bbox 237 3829 260 3900; x_wconf 87' lang='lat'>¹)</span> <span class='ocrx_word' id='word_1_280' title='bbox 278 3830 708 3886; x_wconf 80' lang='grc'>01888888811818181811181818</span> <span class='ocrx_word' id='word_1_281' title='bbox 727 3833 783 3886; x_wconf 85' lang='lat' dir='ltr'>vim</span> <span class='ocrx_word' id='word_1_282' title='bbox 800 3832 890 3886; x_wconf 89' lang='lat' dir='ltr'>minus</span> <span class='ocrx_word' id='word_1_283' title='bbox 909 3826 1063 3901; x_wconf 81' lang='lat' dir='ltr'>perspexit,</span> <span class='ocrx_word' id='word_1_284' title='bbox 1082 3848 1145 3886; x_wconf 87' lang='lat' dir='ltr'>curn</span> <span class='ocrx_word' id='word_1_285' title='bbox 1164 3832 1240 3886; x_wconf 91' lang='lat' dir='ltr'>dicat</span> <span class='ocrx_word' id='word_1_286' title='bbox 1259 3832 1319 3888; x_wconf 90' lang='grc'>8818</span> 
     </span>
     <span class='ocr_line' id='line_1_35' title="bbox 148 3914 1318 3988; baseline 0.003 -16"><span class='ocrx_word' id='word_1_287' title='bbox 148 3917 388 3973; x_wconf 69' lang='grc'>8811818118-</span> <span class='ocrx_word' id='word_1_288' title='bbox 407 3914 545 3988; x_wconf 79' lang='grc' dir='ltr'><strong><em>πράσσειν</em></strong></span> <span class='ocrx_word' id='word_1_289' title='bbox 563 3923 694 3974; x_wconf 89' lang='grc'>88881818</span> <span class='ocrx_word' id='word_1_290' title='bbox 707 3936 767 3974; x_wconf 87' lang='grc'>8888</span> <span class='ocrx_word' id='word_1_291' title='bbox 779 3921 929 3988; x_wconf 87' lang='lat' dir='ltr'>exscripta,</span> <span class='ocrx_word' id='word_1_292' title='bbox 949 3935 1020 3987; x_wconf 88' lang='grc'>8888</span> <span class='ocrx_word' id='word_1_293' title='bbox 1037 3918 1093 3974; x_wconf 90' lang='lat' dir='ltr'>iam</span> <span class='ocrx_word' id='word_1_294' title='bbox 1111 3923 1264 3988; x_wconf 87' lang='lat' dir='ltr'>sequantur</span> <span class='ocrx_word' id='word_1_295' title='bbox 1281 3921 1318 3975; x_wconf 90' lang='lat' dir='ltr'>ad</span> 
     </span>
     <span class='ocr_line' id='line_1_36' title="bbox 149 4005 1319 4076; baseline 0.003 -17"><span class='ocrx_word' id='word_1_296' title='bbox 149 4005 298 4060; x_wconf 82' lang='lat' dir='ltr'>arbitrium</span> <span class='ocrx_word' id='word_1_297' title='bbox 315 4005 514 4074; x_wconf 86' lang='lat' dir='ltr'>eThucydidis</span> <span class='ocrx_word' id='word_1_298' title='bbox 527 4007 620 4061; x_wconf 87' lang='lat' dir='ltr'>verbis</span> <span class='ocrx_word' id='word_1_299' title='bbox 639 4011 748 4063; x_wconf 87' lang='lat' dir='ltr'>mutata</span> <span class='ocrx_word' id='word_1_300' title='bbox 767 4024 826 4062; x_wconf 88' lang='grc'>8888</span> <span class='ocrx_word' id='word_1_301' title='bbox 846 4025 863 4062; x_wconf 90' lang='grc'>8</span> <span class='ocrx_word' id='word_1_302' title='bbox 881 4006 1040 4061; x_wconf 86' lang='lat' dir='ltr'>scholiasta.</span> <span class='ocrx_word' id='word_1_303' title='bbox 1075 4006 1147 4062; x_wconf 89' lang='lat' dir='ltr'>Nam</span> <span class='ocrx_word' id='word_1_304' title='bbox 1160 4024 1232 4076; x_wconf 89' lang='grc'>8888</span> <span class='ocrx_word' id='word_1_305' title='bbox 1249 4009 1319 4063; x_wconf 83' lang='grc'>81118</span> 
     </span>
     <span class='ocr_line' id='line_1_37' title="bbox 148 4093 1320 4165; baseline 0.003 -18"><span class='ocrx_word' id='word_1_306' title='bbox 148 4093 193 4147; x_wconf 89' lang='lat' dir='ltr'>his</span> <span class='ocrx_word' id='word_1_307' title='bbox 217 4094 310 4148; x_wconf 86' lang='lat' dir='ltr'>verbis</span> <span class='ocrx_word' id='word_1_308' title='bbox 341 4094 437 4148; x_wconf 89' lang='lat' dir='ltr'>insunt</span> <span class='ocrx_word' id='word_1_309' title='bbox 467 4095 522 4148; x_wconf 90' lang='lat' dir='ltr'>nisi</span> <span class='ocrx_word' id='word_1_310' title='bbox 548 4093 728 4164; x_wconf 79' lang='lat' dir='ltr'>neglegentia</span> <span class='ocrx_word' id='word_1_311' title='bbox 757 4095 937 4150; x_wconf 86' lang='lat' dir='ltr'>librariorum</span> <span class='ocrx_word' id='word_1_312' title='bbox 971 4111 1028 4148; x_wconf 91' lang='lat' dir='ltr'>non</span> <span class='ocrx_word' id='word_1_313' title='bbox 1054 4094 1201 4165; x_wconf 87' lang='lat' dir='ltr'>irrepsere,</span> <span class='ocrx_word' id='word_1_314' title='bbox 1230 4097 1320 4151; x_wconf 82' lang='lat' dir='ltr'>verba</span> 
     </span>
     <span class='ocr_line' id='line_1_38' title="bbox 149 4177 1319 4252; baseline 0.003 -18"><span class='ocrx_word' id='word_1_315' title='bbox 149 4177 382 4252; x_wconf 79' lang='grc' dir='ltr'>8818111μά1ιστα</span> <span class='ocrx_word' id='word_1_316' title='bbox 401 4183 564 4252; x_wconf 77' lang='grc' dir='ltr'><strong><em>-γένηται</em></strong></span> <span class='ocrx_word' id='word_1_317' title='bbox 588 4199 623 4236; x_wconf 82' lang='lat' dir='ltr'>ex</span> <span class='ocrx_word' id='word_1_318' title='bbox 650 4182 752 4238; x_wconf 89' lang='lat' dir='ltr'>nostris</span> <span class='ocrx_word' id='word_1_319' title='bbox 771 4182 941 4252; x_wconf 84' lang='lat' dir='ltr'>Thucydidis</span> <span class='ocrx_word' id='word_1_320' title='bbox 966 4181 1108 4236; x_wconf 86' lang='lat' dir='ltr'>codicibus</span> <span class='ocrx_word' id='word_1_321' title='bbox 1133 4181 1235 4237; x_wconf 82' lang='lat' dir='ltr'>hausta</span> <span class='ocrx_word' id='word_1_322' title='bbox 1259 4200 1319 4238; x_wconf 87' lang='lat' dir='ltr'>csse</span> 
     </span>
     <span class='ocr_line' id='line_1_39' title="bbox 149 4267 1319 4338; baseline 0.002 -15"><span class='ocrx_word' id='word_1_323' title='bbox 149 4269 264 4324; x_wconf 88' lang='lat' dir='ltr'>omnino</span> <span class='ocrx_word' id='word_1_324' title='bbox 282 4285 340 4323; x_wconf 92' lang='lat' dir='ltr'>non</span> <span class='ocrx_word' id='word_1_325' title='bbox 359 4273 486 4338; x_wconf 86' lang='lat' dir='ltr'>possunt.</span> <span class='ocrx_word' id='word_1_326' title='bbox 521 4269 668 4324; x_wconf 87' lang='lat' dir='ltr'>Adductus</span> <span class='ocrx_word' id='word_1_327' title='bbox 681 4274 775 4325; x_wconf 88' lang='grc'>881881</span> <span class='ocrx_word' id='word_1_328' title='bbox 794 4275 837 4325; x_wconf 89' lang='grc'>881</span> <span class='ocrx_word' id='word_1_329' title='bbox 855 4271 914 4324; x_wconf 87' lang='lat' dir='ltr'>sine</span> <span class='ocrx_word' id='word_1_330' title='bbox 934 4269 1019 4325; x_wconf 87' lang='lat' dir='ltr'>dubio</span> <span class='ocrx_word' id='word_1_331' title='bbox 1031 4267 1176 4324; x_wconf 84' lang='lat' dir='ltr'>Olessenus</span> <span class='ocrx_word' id='word_1_332' title='bbox 1194 4271 1223 4324; x_wconf 92' lang='lat' dir='ltr'>in</span> <span class='ocrx_word' id='word_1_333' title='bbox 1240 4271 1319 4325; x_wconf 91' lang='lat' dir='ltr'>illum</span> 
     </span>
     <span class='ocr_line' id='line_1_40' title="bbox 150 4353 1320 4433; baseline 0.002 -21"><span class='ocrx_word' id='word_1_334' title='bbox 150 4372 283 4426; x_wconf 86' lang='lat' dir='ltr'>errorem,</span> <span class='ocrx_word' id='word_1_335' title='bbox 308 4355 385 4427; x_wconf 87' lang='lat' dir='ltr'>qnod</span> <span class='ocrx_word' id='word_1_336' title='bbox 408 4355 656 4432; x_wconf 75' lang='grc' dir='ltr'><strong><em>ἔξοφαιροομένοις</em></strong></span> <span class='ocrx_word' id='word_1_337' title='bbox 680 4375 695 4413; x_wconf 91' lang='grc'>8</span> <span class='ocrx_word' id='word_1_338' title='bbox 721 4353 814 4415; x_wconf 86' lang='lat' dir='ltr'>verbis</span> <span class='ocrx_word' id='word_1_339' title='bbox 842 4353 871 4412; x_wconf 77' lang='grc' dir='ltr'>εὖ</span> <span class='ocrx_word' id='word_1_340' title='bbox 897 4353 1046 4433; x_wconf 80' lang='grc' dir='ltr'><strong><em>φερόμενοι</em></strong></span> <span class='ocrx_word' id='word_1_341' title='bbox 1072 4361 1234 4429; x_wconf 88' lang='lat' dir='ltr'>corruptum</span> <span class='ocrx_word' id='word_1_342' title='bbox 1260 4374 1320 4418; x_wconf 85' lang='lat' dir='ltr'>esse</span> 
     </span>
     <span class='ocr_line' id='line_1_41' title="bbox 149 4445 413 4517; baseline 0.004 -15"><span class='ocrx_word' id='word_1_343' title='bbox 149 4445 241 4502; x_wconf 85' lang='grc'>11111188</span> <span class='ocrx_word' id='word_1_344' title='bbox 260 4446 413 4517; x_wconf 84' lang='lat' dir='ltr'>perspexit.</span> 
     </span>
    </p>
   </div>
   <div class='ocr_carea' id='block_1_4' title="bbox 0 0 1481 4770">
    <p class='ocr_par' dir='ltr' id='par_1_6' title="bbox 0 0 1481 4770">
     <span class='ocr_line' id='line_1_42' title="bbox 0 0 1481 4770; baseline 0 0"><span class='ocrx_word' id='word_1_345' title='bbox 0 0 1481 4770; x_wconf 95' lang='lat' dir='ltr'> </span> 
     </span>
    </p>
   </div>
  </div>
 </body>
</html>
