2918 4770
709 198 752 266 55

144 389 214 460 rnlt
235 388 456 475 aThucydide
478 389 601 474 scripta
624 409 694 455 esse
716 410 777 455 non
801 389 954 473 potuisse,
978 389 1057 474 quia
1077 391 1128 458 his
1151 390 1191 457 de
1213 392 1319 458 oannis

144 495 315 562 Brasidam
345 493 480 559 voluisse
512 492 643 571 bellum,
677 489 795 556 falsum
826 493 876 558 sit.
919 491 1002 558 Nam
1034 516 1074 558 ex
1101 495 1181 560 satis
1208 496 1319 561 multis

144 599 226 666 locis
246 598 308 664 hoc
329 595 472 676 intellegi
491 593 572 659 nihil
593 594 758 676 antiquins
779 593 932 660 habuisse
952 594 1130 676 Brasidam,
1163 620 1260 681 quam
1281 605 1320 662 ut

146 700 391 766 Atheniensium
413 698 517 763 socios
539 696 702 776 liberaret,
736 718 813 781 ergo
835 697 897 764 hac
922 699 962 763 de
986 720 1177 765 causacum
1200 701 1320 766 bellum

146 802 296 881 suasisse,
318 800 447 864 minime
463 807 582 878 autem,
604 807 642 864 ut
657 801 727 884 ipse
742 800 878 883 gloriam
902 808 934 866 et
956 799 1110 866 honorem
1125 802 1320 886 adipiscere-

146 912 210 973 tur.
254 904 340 987 Ergo
369 901 468 968 rerba
497 901 616 984 quibus
644 903 706 968 hoe
732 902 915 968 affirmatur
937 924 957 968 a
979 903 1166 988 Thucydide
1196 907 1321 990 scripta

148 1028 216 1073 esse
238 1027 303 1071 non
324 1024 428 1088 posse,
457 1005 648 1087 praesertim
679 1026 752 1070 cum
773 1007 902 1070 omnino
923 1006 1090 1088 indignum
1120 1009 1164 1073 sit
1184 1008 1321 1075 Brasida

148 1109 268 1176 bellum
293 1129 411 1191 cupere
441 1103 553 1172 διὰτὸ
576 1101 719 1188 εὐτυχεῖν
748 1130 784 1171 τε
812 1103 868 1170 καὶ
889 1109 1058 1189 τιμᾶσθαι
1081 1105 1117 1173 ἐκ
1138 1113 1197 1175 τοῦ
1218 1112 1321 1175 πολε-

146 1215 234 1295 μεῖνι
256 1210 396 1290 „Soham
417 1209 680 1294 undEhrgellihl,
703 1210 756 1274 die
777 1211 840 1275 den
862 1210 998 1293 iibrigen
1021 1210 1216 1294 Spartanern
1239 1235 1320 1297 ganz

148 1313 318 1380 abhanden
347 1309 535 1394 gehommen
562 1332 669 1377 waren
699 1310 904 1376 bestimmten
938 1312 1006 1376 also
1033 1313 1195 1394 Brasidas,
1230 1316 1322 1382 nicht

148 1419 207 1483 das
230 1415 335 1481 Gliiok
357 1415 425 1478 und
447 1414 500 1479 die
522 1413 616 1490 Ehre,
639 1414 692 1478 die
712 1413 780 1477 ihm
802 1414 860 1478 der
881 1413 981 1497 Krieg
1002 1414 1149 1480 hraehte.
1191 1417 1322 1482 Ande-

148 1516 327 1586 renfalls
357 1515 510 1599 librigens
536 1514 621 1580 auch
643 1517 696 1581 die
717 1514 888 1580 sichtliehe
909 1516 1007 1582 Liebe
1034 1519 1093 1582 mit
1115 1518 1173 1582 der
1194 1519 1322 1606 Thucy-

148 1622 241 1688 dides
269 1618 423 1685 Brasidas
452 1623 543 1682 sonet
576 1616 750 1683 hehandelt
786 1618 863 1702 (ugl.
897 1617 1027 1684 Classen
1060 1642 1099 1684 zu
1130 1620 1170 1698 II,
1201 1623 1252 1699 25,
1286 1625 1321 1709 2)

148 1724 272 1791 schuer
294 1720 481 1805 hegreiflich
502 1724 618 1786 ware‘t
663 1719 755 1798 Quod
777 1720 820 1785 ad
842 1719 923 1786 haec
938 1721 1064 1805 Steupii
1085 1723 1182 1788 verba
1197 1723 1323 1790 Classe·

148 1847 208 1892 nus
237 1825 428 1909 respondet:
472 1820 549 1903 „ded
581 1821 619 1887 τὸ
642 1861 681 1871 -
705 1823 870 1906 πολεμεῖν,
912 1823 983 1888 weil
1015 1845 1050 1889 er
1083 1825 1203 1890 sowohl
1234 1828 1323 1892 seine

192 1949 344 2012 „grossen
366 1926 498 2009 Erfolge
526 1928 585 1992 wie
613 1927 672 1990 das
695 1925 834 2004 Ansehn,
863 1927 896 1990 in
926 1926 998 1990 dem
1026 1948 1061 1992 er
1083 1928 1188 2005 stand,
1219 1932 1323 1996 seiner

192 2031 396 2113 „bisherigen
422 2027 665 2111 Kriegfuhrung
693 2027 878 2106 verdankte,
912 2027 981 2094 also
1016 2028 1100 2094 auch
1128 2052 1190 2094 nur
1219 2032 1322 2097 durch

192 2135 427 2215 „Fortsetzung
449 2130 617 2196 denselhen
646 2153 687 2195 nu
710 2131 854 2196 erhalten
881 2129 988 2196 huffen
1011 2131 1139 2196 honnte.
1183 2134 1227 2199 Es
1249 2135 1323 2199 sind

193 2236 342 2317 „daher
357 2235 400 2320 (l)
422 2232 513 2299 nicht
541 2232 734 2316 egoistisohe
750 2232 925 2298 Absiohten
948 2234 1083 2319 (welche
1105 2234 1209 2300 durch
1230 2232 1323 2300 ἕνεκα

194 2338 306 2418 „nicht
338 2336 442 2402 durch
474 2332 529 2400 διά
559 2335 779 2420 ausgedriicht
810 2337 879 2401 sein
907 2337 1063 2422 wiirden),
1100 2337 1239 2402 sondern
1271 2339 1324 2404 die

194 2439 384 2526 „politisehe
413 2438 577 2522 Richtung
610 2440 667 2504 des
696 2437 858 2516 Brasidas,
892 2437 1012 2504 welche
1044 2439 1096 2504 die
1126 2439 1237 2505 Worte
1266 2441 1323 2506 he-

193 2542 391 2624 „zeichnen“
416 2580 456 2590 —
478 2563 529 2607 me
560 2563 623 2606 non
657 2539 838 2623 intelligere
868 2540 1003 2607 moleste
1033 2540 1111 2608 fero.
1165 2544 1324 2627 Equidem

150 2646 256 2712 facere
286 2666 348 2709 non
373 2664 513 2728 possum,
546 2646 625 2727 quin
648 2643 781 2726 Steupio
804 2642 987 2724 concedam,
1023 2665 1135 2709 revera
1163 2644 1225 2711 hoo
1253 2646 1322 2712 loco

152 2751 226 2828 dici,
259 2747 428 2813 Brasidam
457 2746 588 2812 honoris
617 2752 649 2811 et
678 2745 800 2829 gloriae
826 2744 1054 2828 adipiscendae
1085 2768 1182 2813 eausa
1204 2748 1324 2814 bellum

152 2853 271 2917 ducere
303 2850 474 2914 studuisse.
531 2850 575 2913 At
606 2847 671 2912 alia
703 2853 753 2912 est
781 2848 937 2929 quaestio,
970 2869 1046 2911 num
1075 2848 1137 2914 hoo
1169 2850 1324 2916 Brasidae

152 2952 326 3038 opprobrio
348 2972 417 3017 esse
442 2952 554 3035 possit,
589 2972 666 3015 num
695 2950 822 3014 omnino
849 2951 952 3032 possit
980 2951 1123 3033 cogitari,
1156 2953 1323 3036 indignum

153 3077 222 3121 esse
243 3057 437 3138 imperatore
460 3075 601 3119 arnorem
627 3051 713 3129 belli,
746 3051 788 3114 ad
817 3051 971 3116 honorem
998 3059 1031 3117 et
1058 3052 1193 3134 gloriam
1223 3076 1323 3120 exeo

153 3156 414 3242 adipiscendam?
456 3154 569 3220 Nonne
585 3176 657 3218 eum
672 3154 741 3217 iure
756 3154 901 3236 ineptum
916 3160 949 3217 et
963 3155 1111 3219 insanum
1125 3163 1323 3239 putaremus,

154 3261 210 3343 qui
240 3257 342 3323 milite
371 3257 540 3340 indignum
571 3262 725 3333 censeret,
759 3255 792 3318 in
825 3254 909 3319 bello
942 3254 1097 3321 honorem
1130 3265 1163 3323 et
1189 3259 1324 3342 gloriam

152 3362 329 3447 appetere?
373 3361 416 3424 At
437 3359 598 3441 Stoupius,
630 3359 687 3441 qui
713 3357 882 3422 Brasidam
911 3363 976 3422 tam
1007 3360 1097 3441 pium
1127 3367 1159 3424 et
1186 3362 1324 3444 probum

153 3473 258 3549 putat,
280 3471 318 3529 ut
340 3465 373 3526 in
395 3460 479 3527 bello
501 3481 630 3543 quoque
652 3480 818 3542 nunquam
840 3480 943 3538 suum,
966 3460 1022 3524 sed
1045 3481 1172 3544 semper
1187 3463 1325 3530 aliorum

154 3566 374 3650 concupiverit
396 3563 607 3640 commodum,
642 3583 702 3645 age
732 3561 812 3643 quid
835 3568 964 3626 censeat
985 3562 1025 3626 de
1046 3561 1101 3639 IV,
1127 3563 1197 3643 108,
1219 3566 1241 3627 4
1267 3572 1326 3631 τοῦ

159 3665 320 3755 Βρασίδου
347 3661 472 3753 ἓφολκὰ
500 3660 556 3727 καὶ
586 3658 623 3728 οὐ
649 3661 691 3727 τὰ
719 3656 798 3728 ὄντα
819 3659 987 3747 λε’γοντοςῗ
1032 3664 1093 3742 Qui
1115 3665 1186 3731 fieri
1207 3670 1324 3750 potuit,

152 3779 191 3838 ut
211 3773 260 3837 vir
281 3770 336 3834 ille
357 3764 441 3833 κατὰ
466 3762 576 3830 πάντα
598 3758 729 3851 ἀγαθός
751 3765 819 3850 (IV,
843 3766 894 3842 81,
917 3767 952 3850 2)
975 3766 1184 3849 omnibusque
1199 3771 1325 3834 virtuti·

153 3874 213 3940 bus
235 3873 371 3939 illustris
392 3869 605 3935 mentiretur?
648 3868 733 3951 Ergo
756 3867 908 3951 Steupius
929 3868 998 3933 sine
1019 3867 1117 3935 dubio
1139 3869 1226 3935 huno
1248 3892 1326 3954 quo·

153 3998 217 4060 que
237 3976 344 4041 locum
365 3971 592 4056 interpolatori
612 3991 671 4036 suo
693 3969 937 4036 attribuendum
960 3969 1112 4048 censebit,
1137 3973 1214 4054 quia
1235 3995 1325 4039 men-

153 4080 209 4144 tiri
239 4084 328 4143 certe
348 4074 485 4139 Brasida
511 4073 680 4156 indignum
708 4078 758 4137 est
792 4071 1029 4150 „anderenfalls
1058 4071 1211 4156 iibrigens
1241 4077 1326 4142 auch

153 4182 205 4246 die
234 4176 405 4246 sichtliche
432 4177 531 4243 Liebe
563 4177 622 4241 mit
648 4175 706 4240 der
727 4173 932 4259 Thucydides
961 4174 1115 4240 Brasidas
1147 4183 1237 4242 sonst
1269 4177 1326 4243 he·

153 4282 287 4349 handelt
323 4280 445 4348 schwer
484 4276 672 4365 begreiflioh
707 4279 822 4342 witre‘t
879 4276 942 4343 Sed
980 4298 1021 4342 ne
1059 4278 1160 4362 priori
1196 4281 1327 4364 quidem

154 4384 278 4472 Stenpii
304 4388 492 4470 argumento
513 4381 586 4472 plus
608 4378 816 4449 tribuendum
838 4385 898 4449 est
938 4378 1025 4449 llam
1035 4379 1185 4466 primum
1200 4382 1345 4462 speses
