2918 4770
710 232 752 296 43

147 410 253 502 ἥττων
275 411 346 498 εἶμί
368 438 431 483 non
454 417 580 503 Syriani
607 419 657 485 vol
678 419 804 485 librarii
828 438 937 484 errore
958 425 1075 498 ortam,
1105 419 1162 486 sed
1192 419 1257 487 iam
1285 421 1320 484 in

148 520 217 585 eius
239 518 457 586 codiceThuc.
479 519 588 599 fuisse,
610 521 686 585 inde
708 520 873 598 concludo,
895 521 1044 604 primum,
1067 510 1319 606 huodSyrianus

148 643 189 688 ex
209 620 397 706 Thucydide
417 622 548 706 quidem
569 623 657 689 locos
684 622 752 688 fere
778 642 905 706 semper
935 623 1109 706 diligenter
1139 624 1318 707 exscripsit,

148 724 275 803 deinde,
307 725 395 806 quod
425 722 564 807 simplici
590 724 756 791 oculorum
785 745 894 790 errore
922 718 1028 810 ἥττων
1050 720 1120 807 εἰμι’
1147 747 1187 790 ex
1215 721 1320 814 ἥττων

149 821 262 909 clepet
283 817 364 891 εἶναι
388 826 466 890 oriri
487 846 550 891 non
571 833 690 910 petest,
722 832 885 910 postremo
913 827 991 909 quia
1023 828 1121 892 etiam
1148 825 1205 892 alii
1233 826 1320 892 huuc

147 929 254 995 locum
276 928 493 994 exscribentes
514 927 563 994 ita
584 930 696 1006 citant,
719 931 776 1014 qui
798 949 971 994 consensus
994 929 1114 1012 optime
1129 929 1319 1013 explicatur,

148 1033 177 1098 si
197 1034 262 1097 iam
282 1032 317 1096 in
339 1030 449 1113 aliquo
479 1022 589 1096 codice
611 1031 819 1117 Thucydideo
849 1026 955 1118 ἥττων
977 1024 1047 1112 εἰμι’
1074 1031 1150 1097 fuit:
1184 1032 1320 1115 Sopater

148 1128 252 1221 ἥττων
272 1127 351 1215 εἰμι’,
374 1135 474 1198 Auen.
500 1133 543 1199 ad
558 1141 665 1200 status
686 1131 830 1199 ἐλάσσων
853 1128 930 1215 εἶμί,
953 1133 1158 1199 Minucianus
1181 1132 1257 1218 (Rh.
1273 1154 1320 1217 gr.

149 1235 174 1315 I,
197 1235 269 1315 417,
295 1236 335 1300 16
363 1235 433 1320 Sp.)
465 1229 569 1323 ἥττων
599 1230 677 1318 εἰμί.
734 1236 821 1319 Ergo
854 1242 888 1302 et
917 1229 1022 1322 ἥττων
1051 1229 1120 1317 εἰμι’
1152 1243 1186 1301 ot
1215 1231 1321 1321 ἥττων

149 1331 264 1420 οἴομαι
286 1329 370 1403 εἶναι
391 1338 424 1402 in
448 1338 612 1404 codicibus
634 1338 849 1423 Thucydideis
871 1337 942 1403 fuit.
984 1337 1059 1403 Jam
1088 1359 1160 1404 cum
1182 1359 1320 1421 quaera-

150 1448 215 1519 tur,
247 1447 324 1506 utra
352 1440 514 1524 scriptura
547 1440 779 1526 aThucydide
811 1439 958 1518 oriunda,
991 1447 1068 1505 utra
1095 1441 1322 1524 interpolatori

149 1541 324 1609 tribuenda
345 1542 397 1622 sit,
420 1541 500 1606 mihi
518 1543 652 1608 dubium
674 1564 736 1609 non
760 1549 819 1620 est,
843 1542 922 1625 quin
938 1540 1141 1626 Thucydides
1155 1545 1322 1628 scripserit

149 1641 254 1733 ἥττων
277 1638 355 1727 εἰμί.
397 1644 541 1711 Primum
570 1647 648 1729 quia
675 1647 804 1712 brevior
832 1650 882 1710 est
907 1645 1079 1728 scriptura.
1124 1645 1195 1723 Qua
1224 1646 1263 1711 de
1285 1667 1322 1712 re

150 1748 262 1833 Poppo
282 1747 323 1827 II,
349 1748 376 1826 l,
403 1748 461 1812 137
496 1753 530 1812 ot
558 1748 711 1827 Rescher,
741 1747 809 1814 Clio
831 1770 863 1831 p.
885 1748 958 1825 351,
981 1749 1010 1814 3.
1061 1748 1186 1814 Deinde
1217 1743 1322 1835 ἥττων

151 1843 222 1933 εἶμί
242 1856 418 1934 propterea
439 1852 542 1934 magis
564 1850 644 1916 mihi
665 1850 924 1935 amplectendum
947 1850 1084 1928 videtur,
1115 1851 1193 1935 quia
1215 1851 1322 1934 gravi-

151 1974 239 2018 orem
262 1973 392 2018 eausam
420 1953 568 2019 mutandi
597 1954 739 2038 praebet.
783 1953 891 2018 Facile
923 1953 1007 2017 enim
1035 1952 1106 2018 fieri
1134 1954 1252 2037 potuit,
1284 1959 1323 2018 ut

152 2054 250 2121 alicui
278 2057 489 2137 grammatico
518 2056 568 2122 vel
597 2056 654 2122 alii
682 2056 796 2121 lectori
824 2054 949 2120 Pericle
986 2076 1051 2121 nou
1078 2057 1159 2121 satis
1190 2056 1322 2139 dignum

151 2158 325 2236 videretur,
356 2157 443 2242 quod
474 2157 555 2223 dicit
576 2152 706 2235 οὐδενὸς
726 2153 832 2245 ἥττων
858 2150 937 2238 εἶμί,
967 2158 1024 2223 sed
1052 2159 1228 2224 modestius
1250 2179 1323 2223 eum

152 2260 313 2326 dicentem
344 2260 453 2325 facere
486 2261 596 2336 voluit,
627 2261 739 2342 itaque
766 2258 911 2324 mutavit
954 2259 1120 2325 Postremo
1154 2260 1252 2325 ctiam
1284 2282 1323 2325 ex

151 2363 277 2429 incerta
303 2363 514 2429 collocatione
539 2365 629 2431 verbi
661 2355 775 2443 οἴομαι
802 2362 835 2426 in
866 2363 986 2427 nostris
1017 2363 1181 2428 codicibus
1203 2362 1321 2428 Thucc.

154 2460 272 2551 (ἥττων
293 2459 406 2546 οἴομαι
424 2457 511 2557 Ιεἶναι
533 2465 614 2532 OFG
635 2503 678 2512 -
700 2457 814 2546 οἴομαι
835 2457 940 2550 ἥττων
962 2455 1047 2530 εἶναι
1063 2465 1162 2550 ABD)
1185 2471 1323 2549 apparet

154 2560 268 2649 οἴομαι
296 2568 328 2632 in
357 2568 534 2653 archetypo
562 2567 816 2653 superscriptum
843 2565 951 2633 fuisse.
1005 2562 1091 2651 Ergo
1120 2563 1226 2654 ἥττων
1255 2560 1324 2649 εἰμι’

152 2671 389 2738 restituendum
410 2691 479 2737 esse
501 2679 591 2757 puto.

241 2793 311 2871 137,
335 2793 356 2858 9
378 2789 456 2874 περὶ
476 2787 598 2876 αὐτῶν]
619 2791 725 2857 ταῦτα
739 2792 830 2858 codd.
854 2828 892 2839 -
915 2790 1046 2876 Legisse
1061 2791 1187 2858 videtur
1202 2811 1323 2876 anony-

153 2916 225 2963 mus
246 2897 280 2960 in
300 2915 358 2961 suo
373 2895 484 2961 codice
506 2888 599 2974 αὐτά,
622 2917 684 2962 non
707 2901 745 2960 ut
766 2896 869 2960 nostri
884 2895 977 2961 codd.
999 2898 1113 2974 ταῦτα,
1135 2896 1221 2962 idem
1237 2897 1323 2981 quod

154 2997 309 3066 exhibent
331 2998 429 3062 etiam
450 2996 626 3064 scholiasta
655 2998 697 3063 ad
720 2999 895 3064 Aristidem
927 2993 1048 3082 proieci
1077 3022 1114 3064 τε
1141 2996 1198 3063 καὶ
1228 2994 1324 3087 ἑρμη-

153 3104 264 3167 νιῦσαι
285 3092 368 3165 αὐτὰ
390 3106 423 3165 et
432 3098 593 3166 Lucienus
615 3100 655 3164 de
678 3100 785 3165 saltet.
808 3122 839 3183 p.
863 3101 926 3166 800
948 3095 1067 3185 γνῶναί
1088 3124 1124 3166 τε
1145 3098 1187 3166 τὰ
1210 3098 1325 3167 δέοντα

152 3200 208 3270 καὶ
229 3199 421 3289 ἑρμηνεῦσαι
444 3197 536 3267 τιν’τιν’.
580 3202 705 3280 Quibus
733 3201 812 3268 locis
840 3201 958 3285 aliquis
984 3203 1120 3285 perduci
1141 3205 1253 3288 possit,
1286 3212 1325 3271 ut

152 3301 237 3373 αὐτά
270 3304 474 3373 scribendum
508 3325 578 3370 esse
610 3305 712 3383 malit,
743 3305 935 3389 praesertim
968 3326 1040 3370 cum
1061 3308 1164 3370 ταῦτα
1195 3308 1229 3371 in
1260 3307 1324 3373 fine

153 3409 346 3477 collocatum
368 3407 552 3474 claudicare
573 3408 773 3493 videatur1).
816 3408 860 3472 At
881 3416 1028 3474 servatur
1047 3412 1152 3473 ταῦτα
1174 3411 1216 3476 ab
1230 3413 1322 3477 Anti-

153 3511 274 3598 phonte
294 3517 369 3577 tetr.
396 3509 436 3586 II,
457 3513 490 3591 β,
514 3509 531 3571 1
554 3498 599 3572 ὧν
621 3508 684 3596 ἐγὼ
702 3511 856 3592 χαλεπῶς
875 3507 935 3592 μὲν
957 3506 1014 3595 τὴν
1036 3505 1203 3596 ἀκρίβειαν
1224 3510 1326 3598 ἔγνων

153 3609 204 3681 ἔτι
236 3611 272 3679 δὲ
295 3606 513 3699 ἅπορωτέρως
535 3607 700 3694 διάκειμαι
721 3604 768 3690 ὦς
788 3609 846 3700 χρὴ
878 3607 955 3694 ὑμῖν
986 3607 1179 3699 ἑρμηνεῦσαι
1212 3621 1323 3682 ταῦτα.

153 3716 255 3796 Quem
276 3716 319 3781 ad
340 3715 446 3781 locum
467 3714 672 3780 Maetznerus
694 3715 846 3783 adnotet:
877 3735 1073 3798 „pronomen
1095 3717 1323 3785 demonstrati-

152 3840 227 3885 vum
249 3821 361 3894 ταῦτα,
394 3817 482 3901 quod
504 3817 668 3901 Antiphon
696 3825 729 3884 et
750 3816 954 3903 Thucydides
975 3817 1098 3884 habent
1125 3821 1215 3903 (nam
1236 3823 1324 3905 apud

152 3920 331 3988 Lucianum
352 3921 386 3984 in
408 3920 477 3985 eius
490 3918 597 3986 locum
610 3921 767 3986 successit
788 3912 887 4006 αὐτά)
909 3920 991 3984 nihil
1012 3920 1111 3988 habet
1126 3922 1323 3990 offensionis:

242 4146 262 4216 ²)
280 4146 345 4200 Jam
359 4148 425 4199 aute
443 4162 488 4199 me
500 4144 618 4199 offendit
636 4145 665 4199 in
683 4148 769 4197 ταῦτα
782 4145 949 4201 Huennehes
968 4146 1323 4218 (ProgavonPriim1871)

152 4234 201 4303 qni
223 4233 261 4288 cd
283 4234 354 4302 Nep.
373 4233 467 4287 Them.
487 4235 509 4301 1,
528 4236 544 4287 3
564 4234 723 4302 respiciens,
749 4234 798 4288 ubi
822 4233 857 4289 de
876 4235 1064 4289 Themistocle
1090 4236 1205 4290 dicitur:
1234 4237 1323 4305 „cele-

150 4323 222 4378 riter
242 4339 315 4390 quae
338 4338 409 4390 opus
437 4326 518 4376 erant
545 4322 713 4392 reperiebat,
741 4321 824 4378 facile
853 4323 955 4378 eadem
979 4324 1114 4378 oratione
1142 4325 1346 4389 saphorine-T,

149 4411 275 4466 scribere
294 4409 352 4464 vult
371 4405 395 4460 τ’
412 4405 488 4464 τιν’τιν’.
