2918 4770
714 230 734 294 6

224 416 311 495 Quos
332 417 418 481 inter
438 415 613 499 scriptores
630 415 788 480 Aristides
810 419 844 479 et
854 412 1006 478 Aristidis
1021 412 1310 497 Aristophanisque

141 517 334 583 scholiastae
347 538 504 601 persaepe
526 519 560 581 in
581 517 763 581 universum
786 521 913 580 tantum
927 513 1124 598 Thucydidis
1140 515 1310 580 verborum

140 621 334 685 sententiam
347 618 498 697 reddunt,
522 639 577 683 seu
594 619 672 701 quia
690 617 723 680 in
745 618 824 701 ipsis
839 617 945 682 verbis
966 608 1141 681 referendis
1157 616 1311 682 memoria

140 742 195 787 eos
216 721 359 801 lubebat,
384 740 442 786 seu
470 722 548 803 quia
571 720 611 784 de
633 719 764 785 consilio
787 718 985 802 Thucydidis
1006 717 1104 783 verba
1125 717 1310 783 mutabant:

141 823 301 889 curabant
330 823 415 887 enim
441 820 631 905 plerumque
656 841 709 886 res
737 826 865 885 tantum
895 818 1124 903 aThucydide
1151 826 1310 886 narratas.

141 924 305 989 Eiusmodi
327 929 436 989 autem
458 924 530 1003 loci,
552 922 698 1008 quamvis
718 921 881 986 historicis
903 919 1040 986 fortasse
1062 921 1129 986 sint
1148 923 1310 1001 momenti,

141 1026 184 1091 ad
205 1047 271 1091 rem
287 1031 429 1091 nostram
444 1025 633 1110 plerumque
655 1021 738 1088 nihil
756 1021 873 1100 valent,
896 1043 1092 1106 quamquam
1106 1044 1169 1089 non
1184 1024 1311 1103 desunt,

142 1131 182 1194 ex
204 1127 323 1210 quibus
340 1127 538 1212 Thucydidis
559 1126 658 1193 rerba
679 1124 843 1189 emendari
870 1144 965 1207 posse
987 1123 1165 1190 videantur.
1209 1124 1312 1191 Multo

142 1235 251 1294 eutem
272 1226 374 1311 pluris
389 1229 581 1295 aestimandi
594 1234 672 1294 sunt
691 1225 755 1292 loci
769 1225 905 1291 tetidem
927 1226 1032 1291 verbis
1047 1225 1176 1306 redditi,
1199 1227 1312 1310 quales

142 1329 229 1414 apud
250 1321 484 1413 Hermogenem
506 1331 639 1413 eiusque
660 1327 851 1394 scholiastas
873 1328 1060 1392 invenimus.

227 1434 314 1511 Quos
335 1431 423 1498 locos
446 1452 463 1495 e
485 1429 674 1516 Thucydide
696 1430 857 1514 excriptes
890 1429 919 1494 si
942 1429 1046 1495 obiter
1068 1429 1311 1514 perlustramus,

143 1535 253 1599 statim
270 1534 500 1618 cognoscimus,
522 1533 671 1616 primum,
693 1532 823 1596 minime
838 1530 1017 1615 aequaliter
1039 1552 1079 1597 ex
1101 1539 1174 1598 octe
1186 1533 1313 1619 Thucy·

145 1635 231 1701 clidis
252 1636 344 1701 libris
368 1635 546 1719 exscriptos
579 1654 650 1699 esse
682 1634 778 1712 locos,
814 1633 871 1699 sed
901 1654 1011 1699 eorum
1043 1633 1138 1718 lenge
1159 1633 1314 1717 plurimos

144 1759 214 1803 esse
236 1738 311 1803 libri
334 1736 440 1821 primi,
470 1734 639 1801 nonnullos
668 1756 798 1819 quoque
828 1757 868 1800 ex
889 1735 972 1800 libro
995 1735 1108 1814 altero,
1136 1756 1315 1819 perpaucos

142 1861 181 1904 ex
203 1840 328 1905 ceteris.
372 1837 463 1917 Quae
482 1857 534 1902 res
553 1857 631 1903 sane
646 1837 802 1903 mirabilis
816 1836 997 1902 luculenter
1018 1839 1122 1916 docet,
1145 1844 1216 1903 turn
1239 1859 1313 1904 cum

143 1941 192 2006 illi
225 1940 428 2026 grammatici
465 1946 498 2005 et
534 1938 680 2005 rhetores
717 1940 948 2005 commentaria
981 1959 1041 2005 sua
1077 1948 1313 2025 componerent,

144 2045 283 2129 primum
305 2041 501 2127 Thucydidis
527 2042 645 2107 librum
674 2039 777 2124 pluris
799 2041 1004 2106 aestimatum
1033 2043 1201 2126 magisque
1223 2043 1315 2109 lecti-

144 2154 250 2212 tatum
271 2145 380 2221 fuisse,
413 2165 512 2227 quam
542 2151 676 2210 ceteros.
722 2143 859 2208 Omnino
883 2144 966 2207 enim
989 2149 1022 2208 et
1043 2143 1199 2208 librorum
1220 2146 1315 2212 initia

145 2247 347 2332 frequentius
373 2245 438 2329 legi
466 2243 580 2322 solent,
610 2252 643 2310 et
664 2244 845 2310 hominibus
867 2244 996 2310 illorum
1017 2251 1198 2328 temporum
1219 2268 1315 2330 pree-

145 2350 225 2416 fatio
247 2349 304 2415 illa
320 2356 419 2432 atque
433 2346 637 2425 adumbratio
660 2348 812 2414 derebus
833 2346 997 2413 aGraecis
1011 2346 1191 2430 antiquitus
1204 2350 1315 2432 gestis,

147 2473 231 2536 quae
252 2458 387 2517 vocatur
416 2449 649 2534 archaeolegia,
680 2456 714 2515 et
736 2450 949 2532 digressiones
977 2449 1018 2514 de
1045 2453 1315 2533 pentecontadtia,

147 2554 188 2620 de
209 2553 381 2633 Pausania,
404 2554 628 2632 Themistocle,
651 2551 770 2637 Gylene
784 2551 886 2618 multo
908 2553 1010 2636 magis
1024 2551 1185 2637 placuisse
1206 2553 1316 2619 viden-

147 2664 202 2723 tur
223 2677 322 2739 quam
343 2655 491 2740 singulae
511 2658 545 2720 in
567 2655 651 2722 bello
673 2656 744 2738 ipse
766 2674 818 2719 res
841 2657 1001 2739 gestae1).
1026 2694 1061 2705 -
1087 2652 1200 2738 Neque
1222 2655 1317 2721 aliter

148 2758 235 2843 apud
258 2758 337 2823 alies
367 2758 552 2842 scriptores,
574 2759 632 2841 qui
653 2755 873 2840 Thucydidem
901 2762 959 2820 aut
982 2756 1230 2840 exscripserunt,
1260 2765 1318 2823 aut

148 2860 327 2937 imitantur,
349 2873 401 2924 'res
423 2878 493 2925 sese
514 2858 635 2925 habere
650 2858 785 2922 videtur.
827 2855 926 2921 Velut
935 2857 1085 2942 Procopii
1101 2858 1318 2927 Caesariensis

148 2962 347 3027 imitationes
364 2960 591 3044 Thucydideae
604 2961 837 3037 demonstrant,
861 2979 933 3023 eum
955 2981 1035 3043 prae
1050 2961 1165 3026 esteris
1178 2961 1319 3045 primum

149 3062 346 3148 Thucydidis
379 3063 498 3128 librum
528 3061 655 3146 legisse,
685 3061 785 3127 libros
818 3061 1052 3146 subsequentes
1077 3062 1178 3129 multo
1201 3065 1317 3144 minus,

150 3172 329 3249 postremos
350 3163 418 3230 lere
431 3164 609 3246 neglexisse
624 3167 660 3248 ²).
704 3163 779 3230 Siue
800 3162 897 3228 dubio
920 3164 1019 3246 igitur
1040 3163 1106 3230 illis
1120 3167 1318 3251 temporibus

151 3268 276 3352 priores
286 3266 483 3350 Thucydidis
499 3265 575 3331 libri
592 3267 675 3332 tanti
692 3265 956 3343 aestimabantur,
979 3271 1025 3344 ut,
1050 3286 1122 3331 eum
1138 3269 1237 3333 ceteri
1252 3267 1320 3335 fere

153 3368 289 3452 neglecti
312 3369 464 3448 iacerent,
487 3371 549 3455 ipsi
571 3370 689 3435 iterum
711 3369 893 3451 iterumque
913 3366 1107 3450 legerentur.

236 3469 360 3535 Deinde
375 3473 674 3538 commemoratione
695 3469 828 3553 dignum
849 3475 907 3547 est,
930 3490 970 3534 ex
991 3467 1056 3535 illis
1078 3468 1157 3536 locis
1180 3491 1242 3550 eos,
1264 3475 1321 3558 qui

152 3593 173 3637 a
199 3571 383 3638 rhetoribus
415 3570 592 3638 traduntur
624 3572 872 3657 (Hermogenem
902 3571 1050 3655 inprimis
1084 3571 1157 3639 dieo
1187 3576 1321 3660 eiusque

241 3795 261 3863 ¹)
281 3794 361 3862 Quod
377 3811 445 3851 vero
458 3795 543 3851 etism
554 3796 751 3867 Aristophanis
764 3795 932 3851 scholiastae
949 3811 984 3850 ex
996 3797 1198 3866 posterioribus
1214 3797 1321 3869 Thucy·

154 3880 226 3935 didis
245 3881 323 3936 libris
342 3881 401 3937 fere
418 3883 508 3938 nullos
526 3884 660 3939 exhibent
677 3885 754 3939 locos
772 3883 927 3952 exscriptos
939 3883 1091 3952 simplicius
1109 3883 1177 3939 iude
1196 3885 1322 3955 explica-

155 3972 210 4034 tur,
239 3968 314 4037 quod
331 3968 529 4038 Aristophanis
549 3970 709 4027 comoediae
727 3988 751 4025 a.
770 3972 912 4024 eso-414
930 3973 1011 4026 actas
1028 3986 1085 4024 uon
1103 3975 1168 4026 suut
1187 3977 1321 4040 servatae,

155 4054 261 4109 scholia
279 4059 373 4109 autem
391 4057 428 4111 ad
440 4057 624 4126 Lysistratem
642 4062 671 4114 et
683 4057 981 4127 Thesmophoriazusas
998 4057 1082 4112 hodic
1099 4059 1187 4114 multo
1206 4061 1323 4116 exiliora

156 4145 220 4195 sunt
233 4159 317 4209 quam
329 4146 493 4213 ceterarum,
513 4149 542 4199 et
560 4145 596 4199 ob
615 4145 646 4200 id
664 4146 755 4215 ipsum
768 4161 911 4215 perpauca
924 4148 1035 4200 tentum
1053 4162 1087 4201 ex
1105 4146 1166 4201 aliis
1179 4147 1323 4216 scriptori·

156 4229 208 4282 bus
227 4229 369 4299 exscripta
387 4232 540 4288 continent.

244 4317 265 4385 ⁸)
286 4317 341 4371 cn.
360 4317 394 4372 H.
413 4317 515 4385 Brauu,
543 4317 616 4372 Acts
643 4334 709 4372 sem.
727 4318 786 4373 Erl.
814 4318 926 4374 1886.4
955 4320 1119 4390 (Procopius
1138 4320 1322 4375 Caesariensis

156 4407 292 4469 quatenus
310 4404 435 4461 imitatus
454 4405 492 4461 sit
509 4405 710 4475 Thucydidem)
729 4423 758 4474 p.
778 4407 837 4460 164.
