2918 4770
729 232 771 307 36

250 421 275 507 1,
299 425 349 496 to.
372 425 439 512 (61,
463 424 498 513 3)
542 422 683 492 Dubium
715 445 779 492 non
803 433 861 505 est,
890 425 968 510 quin
990 418 1064 514 δίκῃ
1087 419 1226 493 λύεσθαι
1247 425 1337 511 qnod

167 531 294 596 codices
317 529 468 595 exhibent
490 529 680 594 mutandum
702 529 798 594 sitin
822 524 895 615 δίκῃ
919 522 1125 609 διαλύεσθαι,
1149 530 1339 596 nouaclum

166 632 244 714 quia
258 632 407 696 Aristidis
429 631 528 696 schol.
551 632 636 696 hunc
650 630 846 714 Thucydidis
868 631 975 695 locum
995 631 1133 695 reddens
1154 632 1203 696 ita
1224 633 1340 698 scribit

166 734 351 816 (praeterea
381 734 480 797 etiam
501 734 661 798 Aristides
687 734 757 816 ipse
777 732 818 810 11,
841 734 904 797 248
929 731 1010 798 dicit
1037 727 1110 819 δίκῃ
1141 730 1339 799 διαλύεσθαι

167 832 243 919 περὶ
271 840 336 898 τῶν
359 831 549 919 διαφόρων),
583 834 640 899 sed
672 835 750 917 quia
779 835 849 918 ipse
872 834 1076 918 Thucydides
1106 834 1173 899 fere
1201 855 1338 919 semper,

71 943 73 947 '
166 936 220 1002 ubi
244 935 392 1002 debello
417 935 466 1000 vel
489 937 713 1002 controversiis
734 935 923 1000 dirimendis
948 935 1047 1002 verba
1072 933 1164 1013 fiunt,
1195 932 1339 1002 διαλύειν

166 1046 305 1121 usurpat
337 1038 393 1120 (cfr
416 1036 535 1102 Bdtant
562 1057 587 1103 s.
609 1037 654 1122 u.)
691 1037 740 1102 vel
762 1033 931 1101 καταλύειν
964 1036 1002 1121 (Ι,
1032 1037 1088 1113 24;
1118 1036 1184 1124 82).
1233 1037 1340 1103 Semel

167 1140 206 1223 (l,
230 1141 281 1216 42,
305 1143 340 1223 3)
370 1140 450 1204 dicit
478 1134 620 1226 ἔγκλημα
648 1138 754 1219 λῦσαι,
783 1159 847 1221 quo
877 1139 1008 1222 quidem
1037 1138 1117 1216 loco,
1151 1140 1339 1222 respicienti

165 1240 245 1306 mihi
267 1241 309 1305 ad
330 1246 380 1305 tot
402 1241 481 1305 alios
503 1240 598 1320 locos,
621 1240 739 1323 quibus
760 1236 902 1305 διαλύειν
916 1245 1103 1322 usurpatur,
1124 1240 1258 1305 dubium
1272 1260 1338 1306 nou

167 1351 225 1421 est,
254 1344 331 1425 quin
360 1342 510 1406 διαλῦσαι
541 1343 585 1407 sit
614 1342 828 1421 scribendum,
862 1342 1009 1423 inprimis
1042 1362 1115 1406 cum
1145 1348 1213 1406 tam
1242 1342 1339 1408 facile

164 1444 235 1509 fieri
256 1444 408 1526 potuerit,
432 1449 470 1508 ut
491 1443 642 1509 librarius
665 1443 843 1527 negligeret
864 1442 944 1507 illud
960 1442 1037 1507 AIA
1050 1449 1126 1525 post
1139 1443 1212 1522 MA,
1235 1443 1338 1510 linea·

166 1552 275 1610 menta
305 1545 476 1623 simillima,
509 1544 710 1610 collocatum.
765 1545 936 1610 Classenus
969 1547 1108 1611 mutauit
1137 1545 1340 1628 Kruegerum

166 1656 296 1713 secutus
319 1646 355 1724 V,
379 1649 430 1725 31,
453 1649 473 1712 2
497 1646 662 1711 λυσάντων
683 1642 740 1711 τὸν
762 1643 908 1728 πόλεμον
929 1649 962 1711 in
991 1642 1239 1712 καταλυσάντων
1263 1667 1339 1712 nam

166 1746 271 1829 „Adero
304 1748 452 1829 πόλεμον
483 1747 587 1812 findet
619 1746 689 1812 sich
718 1749 900 1831 nirgends“.
944 1749 1128 1828 Mirandum
1154 1751 1338 1833 igiturest,

167 1853 253 1934 quod
277 1858 387 1916 nostro
408 1850 479 1914 loco
502 1870 565 1914 non
592 1848 735 1928 offendit,
769 1870 844 1914 nam
874 1852 901 1915 si
934 1850 1074 1915 alienum
1100 1873 1121 1916 a
1141 1851 1341 1936 Thucydidis

166 1972 312 2017 sermone
334 1960 384 2016 est
405 1946 496 2015 λύειν
518 1945 670 2033 πόλεμον,
701 1952 779 2034 quin
807 1948 894 2016 λύειν
915 1948 1059 2038 διάφορα
1081 1952 1130 2018 vel
1153 1947 1340 2039 ἐγκλήματα

167 2055 308 2140 alienum
329 2055 381 2132 sit,
403 2052 474 2118 fieri
497 2074 560 2117 non
582 2060 700 2136 potest.

251 2154 278 2232 I,
303 2155 374 2219 115.
408 2155 474 2238 (80,
497 2157 532 2239 ὁ)
583 2155 677 2237 Apud
708 2154 928 2239 Thucydidem
960 2155 1096 2238 legimus
1127 2155 1340 2222 Athenienses

165 2258 346 2324 reddidisse
360 2257 622 2321 Lacedaemoniis
635 2252 779 2320 Nicator
801 2253 856 2319 καὶ
871 2252 995 2344 Πηγάς.
1039 2256 1233 2324 Defecerant
1254 2260 1341 2324 enim

167 2360 372 2443 Megarenses
394 2358 436 2424 ab
459 2358 721 2423 Lacedaemoniis
743 2358 783 2443 (I,
810 2358 884 2443 103)
908 2360 951 2424 ad
973 2359 1193 2439 Athenienses,
1225 2360 1282 2444 qui
1305 2363 1339 2426 in

169 2483 279 2528 eorum
302 2468 391 2526 terra
415 2459 611 2525 obsederant
632 2460 798 2542 Megaram
821 2465 954 2542 eiusque
981 2468 1112 2543 portum
1133 2459 1285 2527 Nisaeam
1307 2470 1341 2527 et

164 2565 276 2647 Pegas.
320 2562 446 2639 Postea,
482 2583 555 2627 cum
582 2583 695 2627 rursus
717 2561 758 2626 ab
782 2562 1030 2627 Atheniensibus
1053 2562 1248 2628 defecissent
1267 2563 1339 2628 Me-

165 2684 327 2748 garenses,
358 2663 571 2729 Athenienses
593 2671 703 2729 autem
724 2685 838 2747 pacem
859 2665 1004 2729 facerent
1026 2686 1099 2729 cum
1121 2665 1340 2731 Lacedaemo-

166 2769 227 2832 niis
249 2767 289 2851 (1,
313 2766 400 2850 115),
422 2768 513 2848 pacis
537 2767 758 2830 conditionum
780 2786 844 2830 una
864 2766 927 2832 fuit
948 2765 1039 2844 haec,
1066 2773 1105 2831 ut
1125 2766 1341 2833 Athenienses

166 2868 429 2933 Lacedaemoniis
452 2887 490 2930 ea
505 2868 687 2946 redderent,
711 2887 795 2949 quae
817 2869 850 2931 in
868 2867 1086 2950 Peloponneso
1100 2877 1341 2952 occupaverant

167 2975 281 3048 (ταῦτα
302 2965 363 3053 γὰρ
386 2959 470 3048 εἶχον
488 2960 665 3054 Ἀθηναῖοι
686 2965 987 3055 Πελοποννησίων).
1030 2971 1144 3054 ltaque
1161 2971 1340 3037 Athenien·

166 3074 256 3139 sibus
288 3079 418 3155 praeter
450 3070 531 3135 alias
565 3072 662 3136 etiam
690 3079 757 3136 tres
787 3070 862 3135 illae
893 3073 991 3138 urbes
1020 3073 1206 3137 reddendae
1233 3081 1339 3152 erant,

167 3195 249 3258 quas
281 3177 314 3239 in
347 3173 583 3255 Megarensium
618 3172 735 3237 finibus
769 3174 990 3255 possidebant,
1031 3174 1173 3256 Megara,
1206 3173 1337 3255 Nisaea,

165 3277 281 3360 Pagae.
324 3275 467 3353 Quarum
490 3274 618 3337 urbium
640 3276 721 3340 duas
744 3275 890 3340 redditas
913 3295 982 3340 esse
1004 3274 1227 3359 aThucydide
1249 3297 1339 3342 oom-

167 3385 373 3453 memoratur,
396 3376 530 3458 Megara
544 3378 714 3441 omittitur.
753 3375 832 3440 Cum
847 3384 956 3441 autem
972 3377 1115 3443 dubitari
1130 3398 1193 3442 non
1209 3377 1339 3459 debeat,

167 3480 247 3564 quin
268 3479 479 3544 Athenienses
500 3477 652 3560 Mogarao
683 3477 778 3542 simul
810 3499 882 3542 cum
909 3486 1006 3561 portu
1027 3478 1146 3545 Nisaea
1165 3481 1338 3545 rennncia-

167 3583 281 3656 verint,
312 3580 457 3646 codicum
484 3580 589 3644 verbis
611 3576 750 3664 Μέγαρα
771 3576 826 3642 καὶ
856 3579 1039 3644 addendum
1067 3581 1202 3645 videtur.
1247 3582 1339 3660 Quae

169 3683 355 3749 coniectura
378 3681 606 3764 comprobatur
628 3682 779 3746 Aristidis
801 3681 907 3746 verbis
936 3683 1002 3763 qui,
1036 3688 1087 3747 ter
1115 3681 1203 3748 hunc
1230 3681 1338 3748 locum

167 3784 318 3863 referens,
343 3805 469 3867 semper
490 3782 582 3847 addit
604 3782 751 3867 Μέγαρα
772 3783 813 3848 ad
836 3791 976 3866 quatuor
1004 3784 1133 3849 nomina
1153 3791 1339 3850 nostrorum

167 3885 323 3952 codicum.
355 3885 429 3950 Sine
451 3884 549 3949 dubio
565 3885 666 3966 igitur
681 3884 838 3949 Aristides
861 3885 922 3949 hoo
938 3883 1076 3968 Μέγαρα
1098 3885 1131 3948 in
1152 3904 1211 3949 suo
1227 3885 1339 3952 codice

167 3988 373 4072 Thucydideo
403 3985 491 4068 legit,
525 3986 558 4050 id
590 3987 677 4069 quod
711 3987 784 4050 inde
812 3988 908 4051 etiam
939 3986 1141 4051 verisimilius
1169 3985 1216 4065 fit,
1249 3989 1338 4070 quod

173 4091 307 4172 cogitari
330 4108 392 4152 non
415 4096 533 4170 potest,
565 4089 748 4167 Aristidem,
779 4090 835 4170 qui
864 4091 962 4153 situm
990 4087 1118 4153 illorum
1145 4090 1339 4173 oppidorum

167 4191 265 4274 plane
285 4189 457 4271 ignorabat
479 4182 648 4271 (ἀπέδωκε
671 4189 810 4273 Μέγαρα
828 4189 983 4276 Τροιζῆνα
997 4188 1110 4276 Πηγὰς
1132 4227 1174 4238 -
1196 4189 1339 4277 Μέγαρα

164 4288 313 4354 Νίσαιαν
337 4290 496 4377 Τροιζῆνα
515 4286 647 4372 Ἀχαΐαν
668 4289 845 4376 Πηγὰς-
868 4291 1008 4377 Μέγαρα
1030 4288 1175 4358 Νίσαιαν
1196 4290 1251 4358 καὶ
1268 4296 1338 4381 Hp·

133 4385 221 4472 μέ)
242 4391 334 4455 altro
355 4392 529 4461 addidisse
553 4415 664 4462 vocem
687 4394 882 4484 „Mamer
