<?xml version="1.0" encoding="UTF-8"?>
<!DOCTYPE html PUBLIC "-//W3C//DTD XHTML 1.0 Transitional//EN"
    "http://www.w3.org/TR/xhtml1/DTD/xhtml1-transitional.dtd">
<html xmlns="http://www.w3.org/1999/xhtml" xml:lang="en" lang="en">
 <head>
  <title>
</title>
<meta http-equiv="Content-Type" content="text/html;charset=utf-8" />
  <meta name='ocr-system' content='tesseract 3.04.00' />
  <meta name='ocr-capabilities' content='ocr_page ocr_carea ocr_par ocr_line ocrx_word'/>
</head>
<body>
  <div class='ocr_page' id='page_1' title='image "./thucydidishisto00schrgoog_0049.png"; bbox 0 0 2932 4770; ppageno 0'>
   <div class='ocr_carea' id='block_1_1' title="bbox 702 230 745 298">
    <p class='ocr_par' dir='ltr' id='par_1_1' title="bbox 702 230 745 298">
     <span class='ocr_line' id='line_1_1' title="bbox 702 230 745 298; baseline 0 0"><span class='ocrx_word' id='word_1_1' title='bbox 702 230 745 298; x_wconf 91' lang='lat'><strong>44</strong></span> 
     </span>
    </p>
   </div>
   <div class='ocr_carea' id='block_1_2' title="bbox 137 417 1322 4486">
    <p class='ocr_par' dir='ltr' id='par_1_2' title="bbox 137 417 1314 2522">
     <span class='ocr_line' id='line_1_2' title="bbox 139 417 1309 504; baseline 0.001 -18"><span class='ocrx_word' id='word_1_2' title='bbox 139 418 373 504; x_wconf 87' lang='lat' dir='ltr'><strong>significantius</strong></span> <span class='ocrx_word' id='word_1_3' title='bbox 389 417 472 484; x_wconf 89' lang='lat' dir='ltr'><strong>onim</strong></span> <span class='ocrx_word' id='word_1_4' title='bbox 495 418 575 485; x_wconf 91' lang='lat' dir='ltr'><strong>illud</strong></span> <span class='ocrx_word' id='word_1_5' title='bbox 589 419 743 502; x_wconf 91' lang='lat' dir='ltr'><strong>loquendi</strong></span> <span class='ocrx_word' id='word_1_6' title='bbox 758 440 859 503; x_wconf 91' lang='lat' dir='ltr'><strong>genus</strong></span> <span class='ocrx_word' id='word_1_7' title='bbox 880 441 943 485; x_wconf 94' lang='lat' dir='ltr'><strong>non</strong></span> <span class='ocrx_word' id='word_1_8' title='bbox 966 420 1007 485; x_wconf 92' lang='lat' dir='ltr'><strong>de</strong></span> <span class='ocrx_word' id='word_1_9' title='bbox 1021 422 1167 504; x_wconf 90' lang='lat' dir='ltr'><strong>personis</strong></span> <span class='ocrx_word' id='word_1_10' title='bbox 1180 428 1309 488; x_wconf 87' lang='lat' dir='ltr'><strong>tantum</strong></span> 
     </span>
     <span class='ocr_line' id='line_1_3' title="bbox 138 522 1309 606; baseline 0.002 -18"><span class='ocrx_word' id='word_1_11' title='bbox 138 523 358 589; x_wconf 88' lang='lat' dir='ltr'><strong>adhibuerunt</strong></span> <span class='ocrx_word' id='word_1_12' title='bbox 388 522 513 600; x_wconf 86' lang='lat' dir='ltr'><strong>Graeci,</strong></span> <span class='ocrx_word' id='word_1_13' title='bbox 555 522 613 587; x_wconf 89' lang='lat' dir='ltr'><strong>sed</strong></span> <span class='ocrx_word' id='word_1_14' title='bbox 648 523 691 587; x_wconf 92' lang='lat' dir='ltr'><strong>ad</strong></span> <span class='ocrx_word' id='word_1_15' title='bbox 725 543 778 588; x_wconf 88' lang='lat' dir='ltr'><strong>ros</strong></span> <span class='ocrx_word' id='word_1_16' title='bbox 809 522 969 588; x_wconf 80' lang='lat' dir='ltr'><strong>inanimae</strong></span> <span class='ocrx_word' id='word_1_17' title='bbox 1002 543 1131 606; x_wconf 90' lang='lat' dir='ltr'><strong>quoquo</strong></span> <span class='ocrx_word' id='word_1_18' title='bbox 1162 530 1309 590; x_wconf 85' lang='lat' dir='ltr'><strong>transtu·</strong></span> 
     </span>
     <span class='ocr_line' id='line_1_4' title="bbox 137 622 1310 709; baseline 0.002 -20"><span class='ocrx_word' id='word_1_19' title='bbox 137 624 275 690; x_wconf 88' lang='lat' dir='ltr'><strong>lerunt“.</strong></span> <span class='ocrx_word' id='word_1_20' title='bbox 335 624 431 689; x_wconf 85' lang='lat' dir='ltr'><strong>Haud</strong></span> <span class='ocrx_word' id='word_1_21' title='bbox 463 623 558 690; x_wconf 86' lang='lat' dir='ltr'><strong>aliter</strong></span> <span class='ocrx_word' id='word_1_22' title='bbox 589 625 720 707; x_wconf 89' lang='lat' dir='ltr'><strong>ponitur</strong></span> <span class='ocrx_word' id='word_1_23' title='bbox 757 622 888 703; x_wconf 78' lang='grc' dir='ltr'><strong>ἐκεῖνος,</strong></span> <span class='ocrx_word' id='word_1_24' title='bbox 922 624 980 689; x_wconf 92' lang='lat' dir='ltr'><strong>ubi</strong></span> <span class='ocrx_word' id='word_1_25' title='bbox 1011 645 1070 690; x_wconf 90' lang='lat' dir='ltr'><strong>nos</strong></span> <span class='ocrx_word' id='word_1_26' title='bbox 1102 632 1310 709; x_wconf 75' lang='lat' dir='ltr'><strong>expectamus</strong></span> 
     </span>
     <span class='ocr_line' id='line_1_5' title="bbox 138 721 1311 810; baseline 0.003 -21"><span class='ocrx_word' id='word_1_27' title='bbox 138 721 235 802; x_wconf 82' lang='grc' dir='ltr'><strong><em>αὐτὸς</em></strong></span> <span class='ocrx_word' id='word_1_28' title='bbox 255 726 343 791; x_wconf 84' lang='lat' dir='ltr'><strong>velut</strong></span> <span class='ocrx_word' id='word_1_29' title='bbox 371 725 458 809; x_wconf 87' lang='lat' dir='ltr'><strong>apud</strong></span> <span class='ocrx_word' id='word_1_30' title='bbox 483 732 629 790; x_wconf 88' lang='lat' dir='ltr'><strong>nostrum</strong></span> <span class='ocrx_word' id='word_1_31' title='bbox 656 726 696 804; x_wconf 87' lang='lat'><strong>11,</strong></span> <span class='ocrx_word' id='word_1_32' title='bbox 720 727 762 793; x_wconf 80' lang='lat'><strong>65</strong></span> <span class='ocrx_word' id='word_1_33' title='bbox 783 727 871 810; x_wconf 86' lang='lat'>(141,</span> <span class='ocrx_word' id='word_1_34' title='bbox 897 728 929 810; x_wconf 86' lang='lat'><strong>1)</strong></span> <span class='ocrx_word' id='word_1_35' title='bbox 961 726 1003 791; x_wconf 89' lang='lat' dir='ltr'><strong>de</strong></span> <span class='ocrx_word' id='word_1_36' title='bbox 1031 747 1095 809; x_wconf 91' lang='lat' dir='ltr'><strong>quo</strong></span> <span class='ocrx_word' id='word_1_37' title='bbox 1123 726 1194 794; x_wconf 89' lang='lat' dir='ltr'><strong>loeo</strong></span> <span class='ocrx_word' id='word_1_38' title='bbox 1224 727 1311 792; x_wconf 84' lang='lat' dir='ltr'><strong>infra</strong></span> 
     </span>
     <span class='ocr_line' id='line_1_6' title="bbox 138 820 1311 914; baseline 0.001 -22"><span class='ocrx_word' id='word_1_39' title='bbox 138 847 243 911; x_wconf 82' lang='lat' dir='ltr'><strong>agam,</strong></span> <span class='ocrx_word' id='word_1_40' title='bbox 272 828 323 894; x_wconf 85' lang='lat' dir='ltr'><strong>vel</strong></span> <span class='ocrx_word' id='word_1_41' title='bbox 345 827 433 911; x_wconf 86' lang='lat' dir='ltr'><strong>opud</strong></span> <span class='ocrx_word' id='word_1_42' title='bbox 455 826 580 892; x_wconf 86' lang='lat' dir='ltr'><strong>Isaeum</strong></span> <span class='ocrx_word' id='word_1_43' title='bbox 601 827 656 908; x_wconf 91' lang='lat'>111,</span> <span class='ocrx_word' id='word_1_44' title='bbox 682 830 718 893; x_wconf 88' lang='lat' dir='ltr'><strong>l:</strong></span> <span class='ocrx_word' id='word_1_45' title='bbox 747 825 803 893; x_wconf 84' lang='grc' dir='ltr'><strong>καὶ</strong></span> <span class='ocrx_word' id='word_1_46' title='bbox 832 825 866 893; x_wconf 79' lang='grc' dir='ltr'><strong>ἐν</strong></span> <span class='ocrx_word' id='word_1_47' title='bbox 885 822 990 914; x_wconf 81' lang='grc' dir='ltr'><em>χρόνῳ</em></span> <span class='ocrx_word' id='word_1_48' title='bbox 1011 820 1161 914; x_wconf 71' lang='grc' dir='ltr'><strong><em>τοσούτῳ</em></strong></span> <span class='ocrx_word' id='word_1_49' title='bbox 1181 822 1311 908; x_wconf 75' lang='grc' dir='ltr'><strong><em>ἔχοντος</em></strong></span> 
     </span>
     <span class='ocr_line' id='line_1_7' title="bbox 139 921 1311 1018; baseline 0.003 -25"><span class='ocrx_word' id='word_1_50' title='bbox 139 923 262 993; x_wconf 78' lang='grc' dir='ltr'><strong><em>ἐκείνου</em></strong></span> <span class='ocrx_word' id='word_1_51' title='bbox 292 926 350 994; x_wconf 83' lang='grc' dir='ltr'><strong>τὸν</strong></span> <span class='ocrx_word' id='word_1_52' title='bbox 379 927 498 1014; x_wconf 80' lang='grc' dir='ltr'><strong><em>κλῆρον</em></strong></span> <span class='ocrx_word' id='word_1_53' title='bbox 531 921 639 1006; x_wconf 74' lang='grc' dir='ltr'><strong><em>οὐδεὶς</em></strong></span> <span class='ocrx_word' id='word_1_54' title='bbox 675 926 815 996; x_wconf 82' lang='grc' dir='ltr'><strong><em>πώποτε</em></strong></span> <span class='ocrx_word' id='word_1_55' title='bbox 850 925 1119 1018; x_wconf 79' lang='grc' dir='ltr'><strong><em>προσεποιήσατο</em></strong></span> <span class='ocrx_word' id='word_1_56' title='bbox 1147 924 1217 995; x_wconf 74' lang='grc' dir='ltr'><strong>οὐδ’</strong></span> <span class='ocrx_word' id='word_1_57' title='bbox 1248 922 1311 1017; x_wconf 68' lang='lat' dir='ltr'><strong>ipr-</strong></span> 
     </span>
     <span class='ocr_line' id='line_1_8' title="bbox 139 1027 1310 1119; baseline 0.001 -23"><span class='ocrx_word' id='word_1_58' title='bbox 139 1027 321 1118; x_wconf 76' lang='grc' dir='ltr'><strong><em>φισβήτησε</em></strong></span> <span class='ocrx_word' id='word_1_59' title='bbox 350 1034 408 1117; x_wconf 83' lang='grc' dir='ltr'><strong>τῆς</strong></span> <span class='ocrx_word' id='word_1_60' title='bbox 439 1027 652 1116; x_wconf 76' lang='grc' dir='ltr'><strong><em>κληρονομίας</em></strong></span> <span class='ocrx_word' id='word_1_61' title='bbox 680 1027 803 1119; x_wconf 79' lang='grc' dir='ltr'><strong>ἐκείνῳ,</strong></span> <span class='ocrx_word' id='word_1_62' title='bbox 839 1032 896 1098; x_wconf 88' lang='lat' dir='ltr'><strong>ubi</strong></span> <span class='ocrx_word' id='word_1_63' title='bbox 927 1031 1064 1098; x_wconf 86' lang='lat' dir='ltr'><strong>adnotat</strong></span> <span class='ocrx_word' id='word_1_64' title='bbox 1096 1031 1310 1099; x_wconf 76' lang='lat' dir='ltr'><strong>Schoemannz</strong></span> 
     </span>
     <span class='ocr_line' id='line_1_9' title="bbox 140 1125 1311 1219; baseline 0.003 -22"><span class='ocrx_word' id='word_1_65' title='bbox 140 1153 221 1217; x_wconf 87' lang='lat' dir='ltr'><strong>„pro</strong></span> <span class='ocrx_word' id='word_1_66' title='bbox 244 1125 342 1219; x_wconf 75' lang='grc' dir='ltr'><strong><em>αὐτῷ,</em></strong></span> <span class='ocrx_word' id='word_1_67' title='bbox 374 1133 643 1217; x_wconf 87' lang='lat' dir='ltr'><strong>quemadmodum</strong></span> <span class='ocrx_word' id='word_1_68' title='bbox 666 1156 728 1200; x_wconf 92' lang='lat' dir='ltr'><strong>non</strong></span> <span class='ocrx_word' id='word_1_69' title='bbox 751 1156 825 1201; x_wconf 87' lang='lat' dir='ltr'><strong>raro</strong></span> <span class='ocrx_word' id='word_1_70' title='bbox 847 1134 1099 1200; x_wconf 86' lang='lat' dir='ltr'><strong>demonstrativa</strong></span> <span class='ocrx_word' id='word_1_71' title='bbox 1120 1135 1311 1219; x_wconf 85' lang='lat' dir='ltr'>pronomina</span> 
     </span>
     <span class='ocr_line' id='line_1_10' title="bbox 139 1217 1312 1322; baseline 0.003 -24"><span class='ocrx_word' id='word_1_72' title='bbox 139 1217 246 1312; x_wconf 76' lang='grc' dir='ltr'><strong><em>οὗτος,</em></strong></span> <span class='ocrx_word' id='word_1_73' title='bbox 278 1229 400 1311; x_wconf 76' lang='grc' dir='ltr'><strong>ἐκεῖνος</strong></span> <span class='ocrx_word' id='word_1_74' title='bbox 428 1255 487 1318; x_wconf 92' lang='lat' dir='ltr'><strong>pro</strong></span> <span class='ocrx_word' id='word_1_75' title='bbox 514 1229 704 1322; x_wconf 77' lang='grc' dir='ltr'><strong><em>ἆναφορικῷ</em></strong></span> <span class='ocrx_word' id='word_1_76' title='bbox 729 1238 806 1321; x_wconf 90' lang='lat' dir='ltr'><strong>poni</strong></span> <span class='ocrx_word' id='word_1_77' title='bbox 834 1236 968 1303; x_wconf 83' lang='lat' dir='ltr'><strong>solent“.</strong></span> <span class='ocrx_word' id='word_1_78' title='bbox 1019 1235 1173 1303; x_wconf 83' lang='lat' dir='ltr'><strong>Similiter</strong></span> <span class='ocrx_word' id='word_1_79' title='bbox 1201 1243 1312 1302; x_wconf 88' lang='lat' dir='ltr'><strong>censet</strong></span> 
     </span>
     <span class='ocr_line' id='line_1_11' title="bbox 140 1332 1310 1424; baseline -0.003 -21"><span class='ocrx_word' id='word_1_80' title='bbox 140 1336 279 1403; x_wconf 85' lang='lat' dir='ltr'><strong>Sinteuis</strong></span> <span class='ocrx_word' id='word_1_81' title='bbox 301 1336 398 1419; x_wconf 89' lang='lat' dir='ltr'><strong>(obss.</strong></span> <span class='ocrx_word' id='word_1_82' title='bbox 422 1338 506 1402; x_wconf 91' lang='lat' dir='ltr'><strong>critt.</strong></span> <span class='ocrx_word' id='word_1_83' title='bbox 530 1338 562 1401; x_wconf 90' lang='lat' dir='ltr'><strong>in</strong></span> <span class='ocrx_word' id='word_1_84' title='bbox 579 1337 754 1404; x_wconf 91' lang='lat' dir='ltr'><strong>Diodorum</strong></span> <span class='ocrx_word' id='word_1_85' title='bbox 777 1361 807 1423; x_wconf 91' lang='lat' dir='ltr'><strong>p.</strong></span> <span class='ocrx_word' id='word_1_86' title='bbox 834 1341 886 1424; x_wconf 98' lang='grc'><strong>12)</strong></span> <span class='ocrx_word' id='word_1_87' title='bbox 910 1340 953 1404; x_wconf 92' lang='lat' dir='ltr'><strong>ad</strong></span> <span class='ocrx_word' id='word_1_88' title='bbox 976 1338 1047 1415; x_wconf 89' lang='lat' dir='ltr'>XII,</span> <span class='ocrx_word' id='word_1_89' title='bbox 1070 1359 1098 1403; x_wconf 90' lang='lat' dir='ltr'><strong>o.</strong></span> <span class='ocrx_word' id='word_1_90' title='bbox 1118 1337 1179 1403; x_wconf 79' lang='lat'><strong>47:</strong></span> <span class='ocrx_word' id='word_1_91' title='bbox 1202 1332 1310 1421; x_wconf 78' lang='grc' dir='ltr'><strong><em>ἐπώρ·</em></strong></span> 
     </span>
     <span class='ocr_line' id='line_1_12' title="bbox 139 1433 1312 1527; baseline 0.002 -25"><span class='ocrx_word' id='word_1_92' title='bbox 139 1442 225 1522; x_wconf 74' lang='grc' dir='ltr'><strong><em>θησε</em></strong></span> <span class='ocrx_word' id='word_1_93' title='bbox 247 1433 304 1523; x_wconf 73' lang='grc' dir='ltr'><strong>τὴν</strong></span> <span class='ocrx_word' id='word_1_94' title='bbox 324 1433 428 1521; x_wconf 89' lang='grc' dir='ltr'><strong><em>χώραν</em></strong></span> <span class='ocrx_word' id='word_1_95' title='bbox 449 1435 506 1503; x_wconf 83' lang='grc' dir='ltr'><strong>καὶ</strong></span> <span class='ocrx_word' id='word_1_96' title='bbox 527 1434 586 1514; x_wconf 83' lang='grc' dir='ltr'><strong>τὰς</strong></span> <span class='ocrx_word' id='word_1_97' title='bbox 606 1435 690 1503; x_wconf 83' lang='grc' dir='ltr'><strong><em>κατὰ</em></strong></span> <span class='ocrx_word' id='word_1_98' title='bbox 711 1436 830 1526; x_wconf 74' lang='grc' dir='ltr'><strong><em>ταύτην</em></strong></span> <span class='ocrx_word' id='word_1_99' title='bbox 844 1437 976 1527; x_wconf 77' lang='grc' dir='ltr'><strong><em>κτήσεις</em></strong></span> <span class='ocrx_word' id='word_1_100' title='bbox 990 1434 1187 1525; x_wconf 71' lang='grc' dir='ltr'><strong><em>ἐλομήνατοι</em></strong></span> <span class='ocrx_word' id='word_1_101' title='bbox 1210 1439 1312 1518; x_wconf 85' lang='lat' dir='ltr'><strong>„Din-</strong></span> 
     </span>
     <span class='ocr_line' id='line_1_13' title="bbox 139 1535 1312 1628; baseline 0.003 -25"><span class='ocrx_word' id='word_1_102' title='bbox 139 1539 261 1606; x_wconf 84' lang='lat' dir='ltr'><strong>dorfius</strong></span> <span class='ocrx_word' id='word_1_103' title='bbox 283 1541 419 1607; x_wconf 88' lang='lat' dir='ltr'><strong>coniecit</strong></span> <span class='ocrx_word' id='word_1_104' title='bbox 440 1535 549 1628; x_wconf 68' lang='grc' dir='ltr'><strong>αὐτὴν,</strong></span> <span class='ocrx_word' id='word_1_105' title='bbox 579 1563 661 1624; x_wconf 89' lang='lat' dir='ltr'><strong>quae</strong></span> <span class='ocrx_word' id='word_1_106' title='bbox 689 1562 767 1608; x_wconf 90' lang='lat' dir='ltr'><strong>sane</strong></span> <span class='ocrx_word' id='word_1_107' title='bbox 795 1541 897 1607; x_wconf 93' lang='lat' dir='ltr'><strong>multo</strong></span> <span class='ocrx_word' id='word_1_108' title='bbox 923 1542 1075 1607; x_wconf 73' lang='lat' dir='ltr'><strong>usitatior</strong></span> <span class='ocrx_word' id='word_1_109' title='bbox 1103 1548 1152 1606; x_wconf 87' lang='lat' dir='ltr'><strong>est</strong></span> <span class='ocrx_word' id='word_1_110' title='bbox 1181 1540 1312 1625; x_wconf 89' lang='lat' dir='ltr'><strong>dicendi</strong></span> 
     </span>
     <span class='ocr_line' id='line_1_14' title="bbox 140 1641 1312 1727; baseline 0.001 -21"><span class='ocrx_word' id='word_1_111' title='bbox 140 1642 234 1707; x_wconf 86' lang='lat' dir='ltr'><strong>ratio.</strong></span> <span class='ocrx_word' id='word_1_112' title='bbox 277 1641 389 1725; x_wconf 82' lang='lat' dir='ltr'><strong>Neque</strong></span> <span class='ocrx_word' id='word_1_113' title='bbox 409 1649 517 1708; x_wconf 90' lang='lat' dir='ltr'><strong>tamen</strong></span> <span class='ocrx_word' id='word_1_114' title='bbox 544 1663 626 1727; x_wconf 88' lang='lat' dir='ltr'><strong>opus</strong></span> <span class='ocrx_word' id='word_1_115' title='bbox 654 1652 704 1710; x_wconf 89' lang='lat' dir='ltr'><strong>est</strong></span> <span class='ocrx_word' id='word_1_116' title='bbox 726 1644 914 1721; x_wconf 81' lang='lat' dir='ltr'><strong>mutatione,</strong></span> <span class='ocrx_word' id='word_1_117' title='bbox 952 1665 1026 1709; x_wconf 91' lang='lat' dir='ltr'><strong>nam</strong></span> <span class='ocrx_word' id='word_1_118' title='bbox 1059 1664 1132 1708; x_wconf 89' lang='lat' dir='ltr'><strong>cum</strong></span> <span class='ocrx_word' id='word_1_119' title='bbox 1166 1642 1209 1708; x_wconf 91' lang='lat' dir='ltr'><strong>ab</strong></span> <span class='ocrx_word' id='word_1_120' title='bbox 1238 1641 1312 1708; x_wconf 86' lang='lat' dir='ltr'><strong>aliis</strong></span> 
     </span>
     <span class='ocr_line' id='line_1_15' title="bbox 141 1733 1313 1829; baseline 0 -21"><span class='ocrx_word' id='word_1_121' title='bbox 141 1743 352 1827; x_wconf 81' lang='lat' dir='ltr'><strong>scriptoribus</strong></span> <span class='ocrx_word' id='word_1_122' title='bbox 374 1733 470 1820; x_wconf 80' lang='grc' dir='ltr'><strong><em>οὗτος</em></strong></span> <span class='ocrx_word' id='word_1_123' title='bbox 490 1745 652 1810; x_wconf 89' lang='lat' dir='ltr'><strong>interdum</strong></span> <span class='ocrx_word' id='word_1_124' title='bbox 673 1747 821 1812; x_wconf 88' lang='lat' dir='ltr'><strong>additum</strong></span> <span class='ocrx_word' id='word_1_125' title='bbox 842 1746 1013 1829; x_wconf 81' lang='lat' dir='ltr'><strong>reperitur,</strong></span> <span class='ocrx_word' id='word_1_126' title='bbox 1044 1743 1101 1809; x_wconf 92' lang='lat' dir='ltr'><strong>ubi</strong></span> <span class='ocrx_word' id='word_1_127' title='bbox 1133 1743 1184 1809; x_wconf 85' lang='lat' dir='ltr'><strong>vel</strong></span> <span class='ocrx_word' id='word_1_128' title='bbox 1205 1745 1313 1810; x_wconf 87' lang='lat' dir='ltr'><strong>omitti</strong></span> 
     </span>
     <span class='ocr_line' id='line_1_16' title="bbox 140 1840 1313 1930; baseline 0.003 -21"><span class='ocrx_word' id='word_1_129' title='bbox 140 1851 279 1929; x_wconf 88' lang='lat' dir='ltr'><strong>poterat,</strong></span> <span class='ocrx_word' id='word_1_130' title='bbox 302 1845 351 1911; x_wconf 87' lang='lat' dir='ltr'><strong>vel</strong></span> <span class='ocrx_word' id='word_1_131' title='bbox 372 1847 512 1911; x_wconf 80' lang='lat' dir='ltr'><strong>severior</strong></span> <span class='ocrx_word' id='word_1_132' title='bbox 533 1867 611 1912; x_wconf 87' lang='lat' dir='ltr'><strong>usus</strong></span> <span class='ocrx_word' id='word_1_133' title='bbox 624 1847 812 1930; x_wconf 85' lang='lat' dir='ltr'><strong>postulabat</strong></span> <span class='ocrx_word' id='word_1_134' title='bbox 835 1840 943 1924; x_wconf 75' lang='grc' dir='ltr'><strong>αὐτὸς,</strong></span> <span class='ocrx_word' id='word_1_135' title='bbox 965 1854 1033 1912; x_wconf 90' lang='lat' dir='ltr'><strong>tum</strong></span> <span class='ocrx_word' id='word_1_136' title='bbox 1055 1867 1130 1912; x_wconf 80' lang='lat' dir='ltr'><strong>vero</strong></span> <span class='ocrx_word' id='word_1_137' title='bbox 1144 1845 1313 1912; x_wconf 88' lang='lat' dir='ltr'><strong>familiaris</strong></span> 
     </span>
     <span class='ocr_line' id='line_1_17' title="bbox 142 1946 1314 2032; baseline 0.003 -21"><span class='ocrx_word' id='word_1_138' title='bbox 142 1954 192 2012; x_wconf 89' lang='lat' dir='ltr'><strong>est</strong></span> <span class='ocrx_word' id='word_1_139' title='bbox 219 1946 301 2012; x_wconf 89' lang='lat' dir='ltr'><strong>haee</strong></span> <span class='ocrx_word' id='word_1_140' title='bbox 323 1948 449 2013; x_wconf 89' lang='lat' dir='ltr'><strong>dicendi</strong></span> <span class='ocrx_word' id='word_1_141' title='bbox 471 1949 555 2014; x_wconf 87' lang='lat' dir='ltr'><strong>ratio</strong></span> <span class='ocrx_word' id='word_1_142' title='bbox 576 1949 719 2014; x_wconf 91' lang='lat' dir='ltr'><strong>Diodoro</strong></span> <span class='ocrx_word' id='word_1_143' title='bbox 744 1949 802 2016; x_wconf 86' lang='lat' dir='ltr'><strong>cfr.</strong></span> <span class='ocrx_word' id='word_1_144' title='bbox 823 1949 880 2028; x_wconf 83' lang='lat' dir='ltr'><strong>XL</strong></span> <span class='ocrx_word' id='word_1_145' title='bbox 902 1949 976 2014; x_wconf 55' lang='lat'><strong>86‘2</strong></span> <span class='ocrx_word' id='word_1_146' title='bbox 998 1947 1190 2030; x_wconf 89' lang='lat' dir='ltr'><strong>—Negare</strong></span> <span class='ocrx_word' id='word_1_147' title='bbox 1212 1948 1314 2032; x_wconf 86' lang='lat' dir='ltr'><strong>igitur</strong></span> 
     </span>
     <span class='ocr_line' id='line_1_18' title="bbox 141 2048 1314 2136; baseline 0.003 -24"><span class='ocrx_word' id='word_1_148' title='bbox 141 2048 304 2115; x_wconf 85' lang='lat' dir='ltr'><strong>nonlicet</strong></span> <span class='ocrx_word' id='word_1_149' title='bbox 332 2049 388 2115; x_wconf 92' lang='lat' dir='ltr'><strong>illo</strong></span> <span class='ocrx_word' id='word_1_150' title='bbox 409 2071 538 2133; x_wconf 91' lang='lat' dir='ltr'><strong>quoque</strong></span> <span class='ocrx_word' id='word_1_151' title='bbox 561 2050 759 2136; x_wconf 82' lang='lat' dir='ltr'><strong>Thucydidis</strong></span> <span class='ocrx_word' id='word_1_152' title='bbox 788 2051 860 2118; x_wconf 89' lang='lat' dir='ltr'><strong>loeo</strong></span> <span class='ocrx_word' id='word_1_153' title='bbox 887 2071 1062 2135; x_wconf 91' lang='lat' dir='ltr'><strong>pronomen</strong></span> <span class='ocrx_word' id='word_1_154' title='bbox 1084 2051 1314 2119; x_wconf 85' lang='lat' dir='ltr'><strong>demonstrati·</strong></span> 
     </span>
     <span class='ocr_line' id='line_1_19' title="bbox 141 2151 1313 2235; baseline 0.003 -20"><span class='ocrx_word' id='word_1_155' title='bbox 141 2173 215 2215; x_wconf 79' lang='lat' dir='ltr'><strong>vum</strong></span> <span class='ocrx_word' id='word_1_156' title='bbox 237 2151 442 2217; x_wconf 88' lang='lat' dir='ltr'><strong>retinendum</strong></span> <span class='ocrx_word' id='word_1_157' title='bbox 463 2172 542 2229; x_wconf 89' lang='lat' dir='ltr'><strong>esse,</strong></span> <span class='ocrx_word' id='word_1_158' title='bbox 573 2153 630 2218; x_wconf 91' lang='lat' dir='ltr'><strong>sed</strong></span> <span class='ocrx_word' id='word_1_159' title='bbox 657 2175 721 2218; x_wconf 93' lang='lat' dir='ltr'><strong>non</strong></span> <span class='ocrx_word' id='word_1_160' title='bbox 753 2155 858 2218; x_wconf 90' lang='lat' dir='ltr'><strong>miuus</strong></span> <span class='ocrx_word' id='word_1_161' title='bbox 880 2160 1003 2219; x_wconf 89' lang='lat' dir='ltr'><strong>certum</strong></span> <span class='ocrx_word' id='word_1_162' title='bbox 1025 2159 1083 2230; x_wconf 84' lang='lat' dir='ltr'><strong>est,</strong></span> <span class='ocrx_word' id='word_1_163' title='bbox 1117 2151 1203 2217; x_wconf 90' lang='lat' dir='ltr'><strong>idem</strong></span> <span class='ocrx_word' id='word_1_164' title='bbox 1225 2151 1313 2235; x_wconf 91' lang='lat' dir='ltr'><strong>quod</strong></span> 
     </span>
     <span class='ocr_line' id='line_1_20' title="bbox 142 2253 1311 2331; baseline 0.003 -14"><span class='ocrx_word' id='word_1_165' title='bbox 142 2273 200 2317; x_wconf 91' lang='lat' dir='ltr'><strong>nos</strong></span> <span class='ocrx_word' id='word_1_166' title='bbox 231 2253 396 2329; x_wconf 85' lang='lat' dir='ltr'><strong>sentimus,</strong></span> <span class='ocrx_word' id='word_1_167' title='bbox 431 2253 615 2319; x_wconf 84' lang='lat' dir='ltr'><strong>claudicare</strong></span> <span class='ocrx_word' id='word_1_168' title='bbox 645 2255 793 2319; x_wconf 86' lang='lat' dir='ltr'><strong>additum</strong></span> <span class='ocrx_word' id='word_1_169' title='bbox 825 2253 906 2319; x_wconf 90' lang='lat' dir='ltr'><strong>illud</strong></span> <span class='ocrx_word' id='word_1_170' title='bbox 934 2257 1046 2331; x_wconf 82' lang='grc' dir='ltr'><strong><em>ταῦτα,</em></strong></span> <span class='ocrx_word' id='word_1_171' title='bbox 1080 2253 1147 2318; x_wconf 85' lang='lat' dir='ltr'><strong>iam</strong></span> <span class='ocrx_word' id='word_1_172' title='bbox 1168 2260 1311 2320; x_wconf 85' lang='lat' dir='ltr'><strong>veterum</strong></span> 
     </span>
     <span class='ocr_line' id='line_1_21' title="bbox 142 2354 1312 2440; baseline 0.002 -21"><span class='ocrx_word' id='word_1_173' title='bbox 142 2355 303 2420; x_wconf 87' lang='lat' dir='ltr'><strong>nonnullis</strong></span> <span class='ocrx_word' id='word_1_174' title='bbox 331 2356 432 2421; x_wconf 84' lang='lat' dir='ltr'><strong>visum</strong></span> <span class='ocrx_word' id='word_1_175' title='bbox 460 2354 569 2433; x_wconf 85' lang='lat' dir='ltr'><strong>fuisse,</strong></span> <span class='ocrx_word' id='word_1_176' title='bbox 604 2376 720 2439; x_wconf 91' lang='lat' dir='ltr'><strong>eosque</strong></span> <span class='ocrx_word' id='word_1_177' title='bbox 748 2363 920 2440; x_wconf 87' lang='lat' dir='ltr'><strong>propterea</strong></span> <span class='ocrx_word' id='word_1_178' title='bbox 947 2357 1120 2422; x_wconf 80' lang='lat' dir='ltr'><strong>mutavisse</strong></span> <span class='ocrx_word' id='word_1_179' title='bbox 1147 2358 1249 2420; x_wconf 81' lang='grc' dir='ltr'><strong><em>ταῦτα</em></strong></span> <span class='ocrx_word' id='word_1_180' title='bbox 1279 2358 1312 2421; x_wconf 92' lang='lat' dir='ltr'><strong>iu</strong></span> 
     </span>
     <span class='ocr_line' id='line_1_22' title="bbox 143 2450 505 2522; baseline 0.006 -2"><span class='ocrx_word' id='word_1_181' title='bbox 143 2457 252 2522; x_wconf 88' lang='lat' dir='ltr'><strong>minus</strong></span> <span class='ocrx_word' id='word_1_182' title='bbox 274 2457 390 2522; x_wconf 92' lang='lat' dir='ltr'><strong>durum</strong></span> <span class='ocrx_word' id='word_1_183' title='bbox 414 2450 505 2522; x_wconf 81' lang='grc' dir='ltr'><strong><em>οὖτά.</em></strong></span> 
     </span>
    </p>

    <p class='ocr_par' dir='ltr' id='par_1_3' title="bbox 142 2553 1317 3564">
     <span class='ocr_line' id='line_1_23' title="bbox 228 2553 1315 2644; baseline 0.003 -20"><span class='ocrx_word' id='word_1_184' title='bbox 228 2559 268 2637; x_wconf 88' lang='grc' dir='ltr'><strong>ΙΙ,</strong></span> <span class='ocrx_word' id='word_1_185' title='bbox 292 2561 341 2624; x_wconf 82' lang='grc'><strong>61.</strong></span> <span class='ocrx_word' id='word_1_186' title='bbox 376 2559 463 2644; x_wconf 89' lang='grc'>(137,</span> <span class='ocrx_word' id='word_1_187' title='bbox 486 2561 542 2644; x_wconf 89' lang='grc'><strong>22)</strong></span> <span class='ocrx_word' id='word_1_188' title='bbox 588 2560 637 2624; x_wconf 84' lang='lat' dir='ltr'><strong>Ad</strong></span> <span class='ocrx_word' id='word_1_189' title='bbox 657 2553 887 2641; x_wconf 76' lang='grc' dir='ltr'><em>μεταβάλλετε,</em></span> <span class='ocrx_word' id='word_1_190' title='bbox 927 2560 1014 2644; x_wconf 91' lang='lat' dir='ltr'><strong>quod</strong></span> <span class='ocrx_word' id='word_1_191' title='bbox 1047 2561 1139 2629; x_wconf 87' lang='lat' dir='ltr'><strong>codd.</strong></span> <span class='ocrx_word' id='word_1_192' title='bbox 1162 2560 1315 2628; x_wconf 86' lang='lat' dir='ltr'><strong>exhibent</strong></span> 
     </span>
     <span class='ocr_line' id='line_1_24' title="bbox 142 2657 1315 2745; baseline 0.003 -21"><span class='ocrx_word' id='word_1_193' title='bbox 142 2659 238 2727; x_wconf 90' lang='lat' dir='ltr'><strong>hodie</strong></span> <span class='ocrx_word' id='word_1_194' title='bbox 261 2662 401 2727; x_wconf 88' lang='lat' dir='ltr'><strong>editores</strong></span> <span class='ocrx_word' id='word_1_195' title='bbox 424 2661 546 2745; x_wconf 89' lang='lat' dir='ltr'><strong>aliquid</strong></span> <span class='ocrx_word' id='word_1_196' title='bbox 568 2662 724 2727; x_wconf 84' lang='lat' dir='ltr'><strong>adnotare</strong></span> <span class='ocrx_word' id='word_1_197' title='bbox 745 2661 858 2739; x_wconf 88' lang='lat' dir='ltr'><strong>solent,</strong></span> <span class='ocrx_word' id='word_1_198' title='bbox 882 2660 970 2727; x_wconf 86' lang='lat' dir='ltr'><strong>velut</strong></span> <span class='ocrx_word' id='word_1_199' title='bbox 993 2661 1141 2728; x_wconf 87' lang='lat' dir='ltr'><strong>Classen:</strong></span> <span class='ocrx_word' id='word_1_200' title='bbox 1164 2657 1315 2744; x_wconf 68' lang='grc' dir='ltr'><strong>,ἐξίστα-</strong></span> 
     </span>
     <span class='ocr_line' id='line_1_25' title="bbox 144 2757 1316 2850; baseline 0.003 -22"><span class='ocrx_word' id='word_1_201' title='bbox 144 2786 215 2845; x_wconf 86' lang='grc' dir='ltr'><strong>μαι,</strong></span> <span class='ocrx_word' id='word_1_202' title='bbox 243 2766 303 2850; x_wconf 82' lang='grc' dir='ltr'><strong>τῆς</strong></span> <span class='ocrx_word' id='word_1_203' title='bbox 324 2760 451 2850; x_wconf 78' lang='grc' dir='ltr'><strong><em>γνώμης</em></strong></span> <span class='ocrx_word' id='word_1_204' title='bbox 483 2785 536 2841; x_wconf 86' lang='lat' dir='ltr'><strong>sc.‚</strong></span> <span class='ocrx_word' id='word_1_205' title='bbox 573 2762 710 2829; x_wconf 82' lang='lat' dir='ltr'><strong>welches</strong></span> <span class='ocrx_word' id='word_1_206' title='bbox 737 2761 861 2828; x_wconf 87' lang='lat' dir='ltr'><strong>Nomen</strong></span> <span class='ocrx_word' id='word_1_207' title='bbox 891 2764 975 2830; x_wconf 88' lang='lat' dir='ltr'><strong>auch</strong></span> <span class='ocrx_word' id='word_1_208' title='bbox 1009 2762 1061 2830; x_wconf 93' lang='lat' dir='ltr'><strong>bei</strong></span> <span class='ocrx_word' id='word_1_209' title='bbox 1093 2757 1316 2847; x_wconf 70' lang='lat' dir='ltr'><strong>netnssdllare</strong></span> 
     </span>
     <span class='ocr_line' id='line_1_26' title="bbox 147 2860 1316 2946; baseline 0.003 -15"><span class='ocrx_word' id='word_1_210' title='bbox 147 2865 355 2944; x_wconf 82' lang='lat' dir='ltr'><strong>vorsehwebt,</strong></span> <span class='ocrx_word' id='word_1_211' title='bbox 385 2865 486 2930; x_wconf 83' lang='lat' dir='ltr'><strong>daher</strong></span> <span class='ocrx_word' id='word_1_212' title='bbox 514 2885 538 2930; x_wconf 91' lang='lat' dir='ltr'><strong>s.</strong></span> <span class='ocrx_word' id='word_1_213' title='bbox 560 2887 588 2931; x_wconf 85' lang='lat' dir='ltr'><strong>v.</strong></span> <span class='ocrx_word' id='word_1_214' title='bbox 610 2886 639 2930; x_wconf 87' lang='lat' dir='ltr'><strong>a.</strong></span> <span class='ocrx_word' id='word_1_215' title='bbox 660 2860 939 2946; x_wconf 44' lang='grc' dir='ltr'><strong>μεταβάλλεσθαι.</strong></span> <span class='ocrx_word' id='word_1_216' title='bbox 984 2866 1073 2931; x_wconf 92' lang='lat' dir='ltr'><strong>Idem</strong></span> <span class='ocrx_word' id='word_1_217' title='bbox 1099 2867 1163 2931; x_wconf 90' lang='lat' dir='ltr'><strong>iam</strong></span> <span class='ocrx_word' id='word_1_218' title='bbox 1190 2874 1316 2934; x_wconf 82' lang='lat' dir='ltr'><strong>veteres</strong></span> 
     </span>
     <span class='ocr_line' id='line_1_27' title="bbox 147 2964 1316 3051; baseline 0.004 -20"><span class='ocrx_word' id='word_1_219' title='bbox 147 2970 347 3050; x_wconf 82' lang='lat' dir='ltr'><strong>grammatici</strong></span> <span class='ocrx_word' id='word_1_220' title='bbox 364 2968 566 3046; x_wconf 87' lang='lat' dir='ltr'><strong>adnotavere,</strong></span> <span class='ocrx_word' id='word_1_221' title='bbox 589 2968 700 3051; x_wconf 85' lang='lat' dir='ltr'><strong>itaque</strong></span> <span class='ocrx_word' id='word_1_222' title='bbox 712 2966 886 3050; x_wconf 85' lang='lat' dir='ltr'><strong>Gregorius</strong></span> <span class='ocrx_word' id='word_1_223' title='bbox 902 2966 1033 3033; x_wconf 83' lang='lat' dir='ltr'><strong>exhibet</strong></span> <span class='ocrx_word' id='word_1_224' title='bbox 1054 2964 1316 3051; x_wconf 69' lang='grc' dir='ltr'><strong><em>μεταβάλλεσθι,</em></strong></span> 
     </span>
     <span class='ocr_line' id='line_1_28' title="bbox 148 3068 1317 3154; baseline 0.003 -20"><span class='ocrx_word' id='word_1_225' title='bbox 148 3072 236 3153; x_wconf 92' lang='lat' dir='ltr'><strong>quod</strong></span> <span class='ocrx_word' id='word_1_226' title='bbox 268 3073 336 3136; x_wconf 92' lang='lat' dir='ltr'><strong>sine</strong></span> <span class='ocrx_word' id='word_1_227' title='bbox 368 3070 466 3138; x_wconf 90' lang='lat' dir='ltr'><strong>dubio</strong></span> <span class='ocrx_word' id='word_1_228' title='bbox 488 3072 742 3154; x_wconf 89' lang='lat' dir='ltr'><strong>superscriptum</strong></span> <span class='ocrx_word' id='word_1_229' title='bbox 768 3068 841 3148; x_wconf 88' lang='lat' dir='ltr'><strong>fuit,</strong></span> <span class='ocrx_word' id='word_1_230' title='bbox 874 3070 1023 3153; x_wconf 87' lang='lat' dir='ltr'><strong>idemque</strong></span> <span class='ocrx_word' id='word_1_231' title='bbox 1054 3070 1151 3136; x_wconf 88' lang='lat' dir='ltr'><strong>etiam</strong></span> <span class='ocrx_word' id='word_1_232' title='bbox 1179 3069 1317 3154; x_wconf 87' lang='lat' dir='ltr'><strong>Sopater</strong></span> 
     </span>
     <span class='ocr_line' id='line_1_29' title="bbox 149 3163 1317 3259; baseline 0.003 -23"><span class='ocrx_word' id='word_1_233' title='bbox 149 3172 217 3257; x_wconf 91' lang='lat' dir='ltr'>(IV,</span> <span class='ocrx_word' id='word_1_234' title='bbox 244 3173 316 3253; x_wconf 88' lang='grc'>318,</span> <span class='ocrx_word' id='word_1_235' title='bbox 349 3174 406 3259; x_wconf 92' lang='grc'><strong>21)</strong></span> <span class='ocrx_word' id='word_1_236' title='bbox 449 3174 564 3258; x_wconf 89' lang='lat' dir='ltr'><strong>legisse</strong></span> <span class='ocrx_word' id='word_1_237' title='bbox 600 3174 727 3238; x_wconf 86' lang='lat' dir='ltr'><strong>videtur</strong></span> <span class='ocrx_word' id='word_1_238' title='bbox 768 3163 896 3257; x_wconf 87' lang='grc' dir='ltr'><strong><em>τρόπον</em></strong></span> <span class='ocrx_word' id='word_1_239' title='bbox 938 3168 998 3258; x_wconf 76' lang='grc' dir='ltr'><strong>γάρ</strong></span> <span class='ocrx_word' id='word_1_240' title='bbox 1032 3194 1106 3237; x_wconf 85' lang='grc' dir='ltr'><strong>τινα</strong></span> <span class='ocrx_word' id='word_1_241' title='bbox 1141 3169 1229 3258; x_wconf 61' lang='grc' dir='ltr'><strong><em>λέγει</em></strong></span> <span class='ocrx_word' id='word_1_242' title='bbox 1262 3168 1317 3240; x_wconf 76' lang='grc' dir='ltr'><strong>ὅτι</strong></span> 
     </span>
     <span class='ocr_line' id='line_1_30' title="bbox 148 3267 1317 3360; baseline 0 -22"><span class='ocrx_word' id='word_1_243' title='bbox 148 3269 192 3360; x_wconf 80' lang='grc' dir='ltr'><strong>μὴ</strong></span> <span class='ocrx_word' id='word_1_244' title='bbox 222 3272 297 3341; x_wconf 87' lang='grc' dir='ltr'><strong><em>τότε</em></strong></span> <span class='ocrx_word' id='word_1_245' title='bbox 326 3273 451 3359; x_wconf 79' lang='grc' dir='ltr'><strong><em>ἐλέγετο</em></strong></span> <span class='ocrx_word' id='word_1_246' title='bbox 484 3270 567 3341; x_wconf 80' lang='grc' dir='ltr'><strong>ἀλλὰ</strong></span> <span class='ocrx_word' id='word_1_247' title='bbox 597 3269 848 3358; x_wconf 71' lang='grc' dir='ltr'><strong><em>μεταβάλλεσθο</em></strong></span> <span class='ocrx_word' id='word_1_248' title='bbox 877 3271 937 3339; x_wconf 78' lang='grc' dir='ltr'><strong>ἐπὶ</strong></span> <span class='ocrx_word' id='word_1_249' title='bbox 965 3277 1036 3352; x_wconf 86' lang='grc' dir='ltr'><strong><em>τοῖς</em></strong></span> <span class='ocrx_word' id='word_1_250' title='bbox 1065 3267 1159 3356; x_wconf 79' lang='grc' dir='ltr'><strong><em>ἅπαξ</em></strong></span> <span class='ocrx_word' id='word_1_251' title='bbox 1184 3269 1317 3357; x_wconf 82' lang='grc' dir='ltr'><strong>δόξασιν</strong></span> 
     </span>
     <span class='ocr_line' id='line_1_31' title="bbox 150 3369 1317 3464; baseline 0 -22"><span class='ocrx_word' id='word_1_252' title='bbox 150 3384 183 3442; x_wconf 90' lang='lat' dir='ltr'><strong>et</strong></span> <span class='ocrx_word' id='word_1_253' title='bbox 204 3378 265 3443; x_wconf 90' lang='lat' dir='ltr'><strong>Dio</strong></span> <span class='ocrx_word' id='word_1_254' title='bbox 288 3378 374 3446; x_wconf 78' lang='lat' dir='ltr'><strong>(lass.</strong></span> <span class='ocrx_word' id='word_1_255' title='bbox 397 3380 448 3456; x_wconf 79' lang='lat'><strong>38,</strong></span> <span class='ocrx_word' id='word_1_256' title='bbox 471 3379 514 3444; x_wconf 89' lang='grc'><strong>44</strong></span> <span class='ocrx_word' id='word_1_257' title='bbox 540 3374 602 3462; x_wconf 80' lang='grc' dir='ltr'><strong>ἐγώ</strong></span> <span class='ocrx_word' id='word_1_258' title='bbox 629 3372 687 3464; x_wconf 73' lang='grc' dir='ltr'><strong>τὴν</strong></span> <span class='ocrx_word' id='word_1_259' title='bbox 710 3373 810 3462; x_wconf 71' lang='grc' dir='ltr'><strong><em>αὐτὴν</em></strong></span> <span class='ocrx_word' id='word_1_260' title='bbox 838 3372 966 3462; x_wconf 80' lang='grc' dir='ltr'><em>γνώμην</em></span> <span class='ocrx_word' id='word_1_261' title='bbox 995 3372 1058 3458; x_wconf 78' lang='grc' dir='ltr'><strong><em>ἔχοι</em></strong></span> <span class='ocrx_word' id='word_1_262' title='bbox 1080 3373 1135 3441; x_wconf 81' lang='grc' dir='ltr'><strong>καὶ</strong></span> <span class='ocrx_word' id='word_1_263' title='bbox 1157 3369 1195 3443; x_wconf 77' lang='grc' dir='ltr'><strong>οὗ</strong></span> <span class='ocrx_word' id='word_1_264' title='bbox 1215 3400 1317 3460; x_wconf 78' lang='grc' dir='ltr'><strong><em>μετα-</em></strong></span> 
     </span>
     <span class='ocr_line' id='line_1_32' title="bbox 149 3474 323 3564; baseline 0.006 -20"><span class='ocrx_word' id='word_1_265' title='bbox 149 3474 323 3564; x_wconf 75' lang='grc' dir='ltr'><strong><em>βάλλομαι.</em></strong></span> 
     </span>
    </p>

    <p class='ocr_par' dir='ltr' id='par_1_4' title="bbox 150 3575 1321 4276">
     <span class='ocr_line' id='line_1_33' title="bbox 238 3575 1318 3668; baseline 0 -19"><span class='ocrx_word' id='word_1_266' title='bbox 238 3586 307 3663; x_wconf 94' lang='grc'>137,</span> <span class='ocrx_word' id='word_1_267' title='bbox 329 3584 379 3650; x_wconf 89' lang='grc'><strong>28.</strong></span> <span class='ocrx_word' id='word_1_268' title='bbox 425 3582 517 3661; x_wconf 82' lang='lat' dir='ltr'><strong>Quod</strong></span> <span class='ocrx_word' id='word_1_269' title='bbox 529 3581 703 3664; x_wconf 86' lang='lat' dir='ltr'><strong>Gregorius</strong></span> <span class='ocrx_word' id='word_1_270' title='bbox 724 3577 783 3663; x_wconf 85' lang='grc' dir='ltr'><strong>μέν</strong></span> <span class='ocrx_word' id='word_1_271' title='bbox 804 3588 879 3665; x_wconf 90' lang='lat' dir='ltr'><strong>post</strong></span> <span class='ocrx_word' id='word_1_272' title='bbox 900 3575 1039 3668; x_wconf 73' lang='grc' dir='ltr'><strong>ταπεινν)Ι</strong></span> <span class='ocrx_word' id='word_1_273' title='bbox 1063 3580 1157 3647; x_wconf 82' lang='lat' dir='ltr'><strong>addit</strong></span> <span class='ocrx_word' id='word_1_274' title='bbox 1178 3581 1318 3649; x_wconf 85' lang='lat' dir='ltr'><strong>fortasse</strong></span> 
     </span>
     <span class='ocr_line' id='line_1_34' title="bbox 150 3678 1319 3771; baseline -0.002 -19"><span class='ocrx_word' id='word_1_275' title='bbox 150 3687 368 3771; x_wconf 88' lang='lat' dir='ltr'><strong>recipiendum</strong></span> <span class='ocrx_word' id='word_1_276' title='bbox 384 3691 442 3764; x_wconf 82' lang='lat' dir='ltr'><strong>est,</strong></span> <span class='ocrx_word' id='word_1_277' title='bbox 466 3690 554 3750; x_wconf 91' lang='lat' dir='ltr'><strong>certe</strong></span> <span class='ocrx_word' id='word_1_278' title='bbox 569 3684 610 3749; x_wconf 86' lang='lat' dir='ltr'><strong>ad</strong></span> <span class='ocrx_word' id='word_1_279' title='bbox 634 3678 722 3766; x_wconf 79' lang='grc' dir='ltr'>ὅμως</span> <span class='ocrx_word' id='word_1_280' title='bbox 744 3680 782 3748; x_wconf 82' lang='grc' dir='ltr'><strong>δέ</strong></span> <span class='ocrx_word' id='word_1_281' title='bbox 803 3684 883 3750; x_wconf 90' lang='lat' dir='ltr'><strong>bene</strong></span> <span class='ocrx_word' id='word_1_282' title='bbox 898 3683 1047 3766; x_wconf 86' lang='lat' dir='ltr'><strong>quadrat.</strong></span> <span class='ocrx_word' id='word_1_283' title='bbox 1092 3683 1204 3768; x_wconf 91' lang='lat' dir='ltr'><strong>Neque</strong></span> <span class='ocrx_word' id='word_1_284' title='bbox 1219 3684 1319 3751; x_wconf 82' lang='lat' dir='ltr'><strong>offen·</strong></span> 
     </span>
     <span class='ocr_line' id='line_1_35' title="bbox 150 3785 1319 3872; baseline -0.002 -18"><span class='ocrx_word' id='word_1_285' title='bbox 150 3790 247 3855; x_wconf 89' lang='lat' dir='ltr'><strong>dendi</strong></span> <span class='ocrx_word' id='word_1_286' title='bbox 270 3811 398 3856; x_wconf 88' lang='lat' dir='ltr'><strong>eausam</strong></span> <span class='ocrx_word' id='word_1_287' title='bbox 413 3786 568 3872; x_wconf 87' lang='lat' dir='ltr'><strong>praebere</strong></span> <span class='ocrx_word' id='word_1_288' title='bbox 582 3793 699 3870; x_wconf 84' lang='lat' dir='ltr'><strong>potest,</strong></span> <span class='ocrx_word' id='word_1_289' title='bbox 722 3786 808 3869; x_wconf 92' lang='lat' dir='ltr'><strong>quod</strong></span> <span class='ocrx_word' id='word_1_290' title='bbox 829 3792 881 3852; x_wconf 90' lang='lat' dir='ltr'><strong>tot</strong></span> <span class='ocrx_word' id='word_1_291' title='bbox 902 3785 999 3851; x_wconf 83' lang='lat' dir='ltr'><strong>verbu</strong></span> <span class='ocrx_word' id='word_1_292' title='bbox 1021 3787 1211 3869; x_wconf 85' lang='lat' dir='ltr'><strong>interposita</strong></span> <span class='ocrx_word' id='word_1_293' title='bbox 1232 3794 1319 3864; x_wconf 88' lang='lat' dir='ltr'><strong>sunt,</strong></span> 
     </span>
     <span class='ocr_line' id='line_1_36' title="bbox 151 3887 1319 3971; baseline -0.003 -15"><span class='ocrx_word' id='word_1_294' title='bbox 151 3914 225 3958; x_wconf 84' lang='lat' dir='ltr'><strong>nam</strong></span> <span class='ocrx_word' id='word_1_295' title='bbox 253 3895 281 3958; x_wconf 89' lang='lat' dir='ltr'><strong>si</strong></span> <span class='ocrx_word' id='word_1_296' title='bbox 309 3893 435 3957; x_wconf 88' lang='lat' dir='ltr'><strong>omnino</strong></span> <span class='ocrx_word' id='word_1_297' title='bbox 473 3891 558 3953; x_wconf 83' lang='lat' dir='ltr'><strong>inter</strong></span> <span class='ocrx_word' id='word_1_298' title='bbox 588 3888 651 3954; x_wconf 93' lang='lat' dir='ltr'><strong>duo</strong></span> <span class='ocrx_word' id='word_1_299' title='bbox 685 3888 828 3953; x_wconf 82' lang='lat' dir='ltr'><strong>membre</strong></span> <span class='ocrx_word' id='word_1_300' title='bbox 862 3887 1086 3970; x_wconf 89' lang='lat' dir='ltr'><strong>coniungenda</strong></span> <span class='ocrx_word' id='word_1_301' title='bbox 1113 3887 1319 3971; x_wconf 88' lang='lat' dir='ltr'><strong>parenthesin</strong></span> 
     </span>
     <span class='ocr_line' id='line_1_37' title="bbox 151 3989 1320 4078; baseline -0.002 -20"><span class='ocrx_word' id='word_1_302' title='bbox 151 3995 355 4078; x_wconf 88' lang='lat' dir='ltr'><strong>interponere</strong></span> <span class='ocrx_word' id='word_1_303' title='bbox 374 3993 460 4070; x_wconf 92' lang='lat' dir='ltr'><strong>lieet,</strong></span> <span class='ocrx_word' id='word_1_304' title='bbox 482 3999 562 4074; x_wconf 88' lang='lat' dir='ltr'><strong>quot</strong></span> <span class='ocrx_word' id='word_1_305' title='bbox 582 3991 680 4056; x_wconf 79' lang='lat' dir='ltr'><strong>uerba</strong></span> <span class='ocrx_word' id='word_1_306' title='bbox 694 3991 886 4073; x_wconf 88' lang='lat' dir='ltr'><strong>interposita</strong></span> <span class='ocrx_word' id='word_1_307' title='bbox 907 3992 972 4054; x_wconf 86' lang='lat' dir='ltr'><strong>sint</strong></span> <span class='ocrx_word' id='word_1_308' title='bbox 994 4011 1055 4054; x_wconf 93' lang='lat' dir='ltr'><strong>non</strong></span> <span class='ocrx_word' id='word_1_309' title='bbox 1072 3989 1180 4055; x_wconf 86' lang='lat' dir='ltr'><strong>refert</strong></span> <span class='ocrx_word' id='word_1_310' title='bbox 1226 3989 1320 4056; x_wconf 85' lang='lat' dir='ltr'><strong>Oete·</strong></span> 
     </span>
     <span class='ocr_line' id='line_1_38' title="bbox 151 4092 1321 4178; baseline -0.003 -17"><span class='ocrx_word' id='word_1_311' title='bbox 151 4118 224 4161; x_wconf 91' lang='lat' dir='ltr'><strong>rum</strong></span> <span class='ocrx_word' id='word_1_312' title='bbox 245 4095 362 4161; x_wconf 87' lang='lat' dir='ltr'><strong>similia</strong></span> <span class='ocrx_word' id='word_1_313' title='bbox 384 4094 530 4178; x_wconf 88' lang='lat' dir='ltr'><strong>exempla</strong></span> <span class='ocrx_word' id='word_1_314' title='bbox 556 4093 646 4157; x_wconf 85' lang='lat' dir='ltr'><strong>haud</strong></span> <span class='ocrx_word' id='word_1_315' title='bbox 674 4113 748 4157; x_wconf 88' lang='lat' dir='ltr'><strong>raro</strong></span> <span class='ocrx_word' id='word_1_316' title='bbox 778 4093 982 4156; x_wconf 85' lang='lat' dir='ltr'><strong>inveniuntur</strong></span> <span class='ocrx_word' id='word_1_317' title='bbox 1010 4092 1099 4158; x_wconf 83' lang='lat' dir='ltr'><strong>volut</strong></span> <span class='ocrx_word' id='word_1_318' title='bbox 1118 4115 1150 4176; x_wconf 90' lang='lat' dir='ltr'><strong>p.</strong></span> <span class='ocrx_word' id='word_1_319' title='bbox 1177 4094 1245 4172; x_wconf 85' lang='lat'>159,</span> <span class='ocrx_word' id='word_1_320' title='bbox 1272 4093 1321 4158; x_wconf 88' lang='grc'><strong>14.</strong></span> 
     </span>
     <span class='ocr_line' id='line_1_39' title="bbox 154 4195 636 4276; baseline -0.006 -14"><span class='ocrx_word' id='word_1_321' title='bbox 154 4200 225 4276; x_wconf 87' lang='grc'>162,</span> <span class='ocrx_word' id='word_1_322' title='bbox 250 4199 298 4262; x_wconf 85' lang='grc'><strong>15.</strong></span> <span class='ocrx_word' id='word_1_323' title='bbox 323 4198 393 4276; x_wconf 88' lang='grc'>173,</span> <span class='ocrx_word' id='word_1_324' title='bbox 416 4197 466 4263; x_wconf 86' lang='grc'><strong>34.</strong></span> <span class='ocrx_word' id='word_1_325' title='bbox 490 4197 562 4274; x_wconf 87' lang='grc'><strong>342,</strong></span> <span class='ocrx_word' id='word_1_326' title='bbox 588 4195 636 4260; x_wconf 89' lang='grc'><strong>18.</strong></span> 
     </span>
    </p>

    <p class='ocr_par' dir='ltr' id='par_1_5' title="bbox 143 4294 1322 4486">
     <span class='ocr_line' id='line_1_40' title="bbox 237 4294 1321 4383; baseline -0.002 -18"><span class='ocrx_word' id='word_1_327' title='bbox 237 4299 277 4377; x_wconf 91' lang='grc' dir='ltr'><strong>ΙΙ,</strong></span> <span class='ocrx_word' id='word_1_328' title='bbox 301 4301 350 4366; x_wconf 86' lang='grc'><strong>62.</strong></span> <span class='ocrx_word' id='word_1_329' title='bbox 387 4299 474 4383; x_wconf 90' lang='grc'>(138,</span> <span class='ocrx_word' id='word_1_330' title='bbox 496 4300 550 4376; x_wconf 86' lang='grc'><strong>30)</strong></span> <span class='ocrx_word' id='word_1_331' title='bbox 594 4297 678 4361; x_wconf 90' lang='lat' dir='ltr'><strong>Num</strong></span> <span class='ocrx_word' id='word_1_332' title='bbox 701 4316 888 4363; x_wconf 86' lang='lat' dir='ltr'><strong>censeamus</strong></span> <span class='ocrx_word' id='word_1_333' title='bbox 913 4316 1095 4380; x_wconf 83' lang='lat' dir='ltr'><strong>anonynum</strong></span> <span class='ocrx_word' id='word_1_334' title='bbox 1122 4294 1156 4360; x_wconf 94' lang='lat' dir='ltr'><strong>id</strong></span> <span class='ocrx_word' id='word_1_335' title='bbox 1182 4296 1215 4361; x_wconf 91' lang='lat' dir='ltr'><strong>in</strong></span> <span class='ocrx_word' id='word_1_336' title='bbox 1237 4294 1321 4363; x_wconf 89' lang='lat' dir='ltr'><strong>libro</strong></span> 
     </span>
     <span class='ocr_line' id='line_1_41' title="bbox 143 4397 1322 4486; baseline 0.002 -22"><span class='ocrx_word' id='word_1_337' title='bbox 143 4403 244 4466; x_wconf 72' lang='lat' dir='ltr'><strong>tertio</strong></span> <span class='ocrx_word' id='word_1_338' title='bbox 263 4401 391 4484; x_wconf 82' lang='lat' dir='ltr'><strong>legisse,</strong></span> <span class='ocrx_word' id='word_1_339' title='bbox 427 4401 516 4486; x_wconf 89' lang='lat' dir='ltr'><strong>quod</strong></span> <span class='ocrx_word' id='word_1_340' title='bbox 542 4421 602 4468; x_wconf 90' lang='lat' dir='ltr'><strong>nos</strong></span> <span class='ocrx_word' id='word_1_341' title='bbox 629 4401 663 4465; x_wconf 90' lang='lat' dir='ltr'><strong>in</strong></span> <span class='ocrx_word' id='word_1_342' title='bbox 690 4399 793 4466; x_wconf 82' lang='lat' dir='ltr'><strong>altero</strong></span> <span class='ocrx_word' id='word_1_343' title='bbox 822 4397 980 4482; x_wconf 78' lang='lat' dir='ltr'><strong>legimus?</strong></span> <span class='ocrx_word' id='word_1_344' title='bbox 1025 4397 1236 4464; x_wconf 90' lang='lat' dir='ltr'><strong>Verisimilius</strong></span> <span class='ocrx_word' id='word_1_345' title='bbox 1261 4407 1322 4479; x_wconf 83' lang='lat' dir='ltr'><strong>est,</strong></span> 
     </span>
    </p>
   </div>
   <div class='ocr_carea' id='block_1_3' title="bbox 0 0 1481 4770">
    <p class='ocr_par' dir='ltr' id='par_1_6' title="bbox 0 0 1481 4770">
     <span class='ocr_line' id='line_1_42' title="bbox 0 0 1481 4770; baseline 0 0"><span class='ocrx_word' id='word_1_346' title='bbox 0 0 1481 4770; x_wconf 95' lang='lat' dir='ltr'><strong> </strong></span> 
     </span>
    </p>
   </div>
  </div>
 </body>
</html>
