2918 4770
684 251 726 316 35

21 481 33 492 -
116 435 196 520 qnid
218 457 254 501 re
281 456 357 500 vera
384 435 551 519 scripserit
583 437 753 502 nescimus.
800 436 947 504 Ceterum
970 437 1100 523 saepius
1122 438 1291 524 praeposi-

117 539 223 603 tiones
245 558 266 602 a
287 537 428 602 librariis
458 557 528 602 esse
557 538 755 618 immutatas,
786 539 1019 607 demonstravit
1040 539 1184 607 Ullrich:
1218 542 1292 608 Bei-

106 643 213 723 'tr'age
235 638 275 717 ll,
299 661 329 722 p.
352 640 394 703 30
418 640 455 704 Α.
478 639 529 704 26.

203 774 302 852 1‚70.
347 775 413 858 (55,
436 777 470 859 3)
500 765 579 839 htv
601 776 733 859 γνῶσιν]
763 768 781 841 ὃ
810 768 849 840 ἂν
870 781 988 862 γνῶσιν
1021 779 1115 844 codd.
1149 736 1293 846 ‘Rectius

118 999 271 1045 numerus
285 998 411 1061 semper
427 986 476 1043 est
490 978 637 1061 pluralis.
672 980 797 1045 Deinde
814 983 912 1046 etiam
926 982 1021 1060 inira,
1038 1004 1110 1047 cum
1125 982 1165 1048 dc
1179 983 1294 1047 iisdem

119 1082 217 1147 rebus
231 1081 361 1158 dicitur,
384 1079 520 1163 pluralis
535 1090 729 1166 usurpatur:
751 1079 807 1146 καὶ
828 1072 849 1147 ii
869 1080 930 1164 μὲν
950 1075 990 1147 dv
1005 1080 1238 1170 ἐπινοήσαντες
1252 1121 1294 1132 -

119 1174 141 1249 hi
162 1175 202 1248 dr
218 1178 421 1269 ἕπινοήσωσι
432 1221 473 1231 -—
483 1168 532 1247 civ
545 1175 587 1248 dv
601 1188 709 1268 γνῶσι.
752 1185 869 1268 ltaque
884 1171 1036 1251 Classeno
1048 1188 1215 1265 assentior,
1238 1187 1295 1269 qui

118 1289 184 1352 iam
199 1293 305 1364 antea,
328 1285 425 1350 huius
439 1285 634 1352 scholiastae
648 1287 781 1369 ignarus
804 1282 824 1351 ὅ
847 1289 986 1352 mutavit
1006 1288 1040 1352 in
1063 1282 1085 1352 ἅ
1108 1288 1295 1373 (Kritt.Be·
1322 1292 1324 1296 ’

119 1388 262 1472 merhgg.
285 1409 325 1452 an
348 1388 399 1464 70,
423 1389 468 1474 7).
512 1388 576 1454 Sed
605 1388 744 1455 fortasse
774 1388 892 1472 aliquis
920 1389 1010 1454 dicat
1038 1389 1115 1455 huic
1137 1411 1295 1475 anonymo

119 1490 202 1557 nihil
222 1489 432 1556 tribuendum
446 1509 526 1568 esso,
547 1491 626 1573 quia
640 1491 752 1556 statim
768 1492 905 1556 eundem
919 1490 1026 1557 locum
1041 1493 1160 1557 iterum
1176 1491 1296 1557 exscri-

119 1593 200 1660 bens
230 1613 294 1657 non
321 1582 343 1656 t*
365 1592 422 1657 sed
441 1580 462 1656 ‘d
481 1592 604 1658 scribit
647 1592 710 1658 Sed
736 1593 799 1659 hoc
819 1591 923 1660 altero
944 1592 1015 1658 loco
1038 1593 1122 1679 (Vll,
1146 1594 1218 1673 609,
1241 1594 1296 1681 14)

121 1696 219 1762 etiam
247 1693 313 1760 alia
335 1693 531 1778 Thucydidis
560 1695 659 1760 verba
688 1694 843 1760 differunt
868 1694 909 1759 ab
938 1694 987 1772 iis,
1017 1697 1161 1778 quaein
1188 1697 1296 1779 priore

120 1803 197 1864 sunt
219 1797 382 1880 exscripta
404 1802 437 1860 et
459 1796 635 1862 scholiasta
656 1818 755 1880 quam
770 1797 1012 1863 accuratissime
1027 1802 1154 1863 nostros
1169 1796 1296 1863 codices

121 1901 275 1983 sequitur.
319 1898 390 1964 Hoc
418 1899 467 1963 ita
488 1905 618 1964 tantum
640 1898 797 1982 explicari
818 1906 935 1983 potest,
966 1906 1004 1964 ut
1030 1900 1169 1965 alterum
1190 1900 1298 1966 locum

122 2022 186 2066 non
209 2001 251 2067 ab
280 2001 393 2065 eodem
421 2000 597 2067 scholiasta
619 1989 817 2085 exscriptum
851 2021 1025 2080 sumamus,
1060 2022 1081 2068 a
1113 2023 1177 2085 quo
1208 2003 1297 2086 prior

121 2104 304 2187 exscriptus
337 2110 396 2168 est.
449 2103 496 2168 Re
524 2123 601 2169 vora
636 2104 736 2168 etiam
768 2123 831 2169 non
865 2111 915 2169 est
946 2103 1127 2183 verisimile,
1159 2104 1297 2170 eundem

121 2205 328 2272 scholiastam
358 2204 500 2286 aliquem
537 2204 652 2283 locum,
696 2225 792 2287 quem
821 2206 887 2270 iam
917 2228 948 2290 p.
970 2207 1033 2271 608
1065 2205 1296 2290 adscripscrat,

124 2310 271 2393 proxima
292 2309 325 2372 in
347 2329 378 2390 p.
402 2307 464 2372 609
493 2308 611 2373 iterum
640 2307 864 2390 adscripsisse.
906 2309 1057 2374 Fortasse
1078 2314 1188 2373 autem
1209 2309 1299 2393 prior

123 2411 215 2476 locus
235 2410 330 2495 (608)
353 2429 374 2473 a
394 2405 722 2492 postero‘scholiasta
743 2409 875 2475 additus
904 2417 963 2489 est,
994 2431 1059 2476 non
1088 2409 1192 2477 solum
1219 2411 1298 2494 quia

125 2513 264 2578 alterum
285 2510 461 2595 praeeedit,
483 2511 540 2576 scd
563 2512 662 2578 etiam
684 2512 763 2596 quia
783 2512 911 2579 brevior
932 2520 990 2579 est

208 2650 235 2729 I,
259 2648 310 2714 71.
343 2647 409 2732 (56,
431 2647 465 2729 4)
509 2648 614 2714 Locus
636 2671 657 2716 a
680 2648 857 2715 scholiasta
872 2651 1054 2733 exscriptus
1076 2657 1126 2715 est
1146 2648 1298 2714 adiectivi

122 2749 363 2836 ἅρχαιότροπος
377 2771 485 2830 causa,
509 2753 598 2835 quod
616 2752 678 2819 hoc
698 2772 762 2819 uno
779 2751 850 2819 loeo
872 2751 1091 2836 aThucydide
1105 2757 1297 2834 usurpatum

124 2854 224 2921 schol.
247 2853 370 2919 omittit
391 2853 490 2936 igitur
516 2855 557 2918 de
580 2854 712 2921 consilio
734 2855 835 2922 verba
854 2849 938 2938 ὅπερ
960 2891 1002 2901 -
1026 2848 1235 2940 ἐδηλώσαμεν
1254 2854 1297 2920 ad

125 2977 194 3022 rem
214 2976 306 3022 suam
328 2975 392 3020 non
413 2957 608 3040 necessaria.

212 3092 236 3171 I,
259 3093 308 3157 75.
331 3092 397 3177 (58,
421 3093 478 3177 29)
500 3081 566 3178 ἆρα
586 3086 670 3173 ἄξιοι
693 3093 850 3176 δοκοῦμεν
871 3085 947 3173 ὑμῖν
969 3078 1116 3174 eima]
1136 3081 1187 3176 ἆρ’
1209 3085 1298 3173 ε’ἱξιοί

126 3191 223 3277 ἐσμεν
244 3184 376 3260 cislau.
411 3184 508 3261 codd.
568 3195 779 3280 Hermogenis
801 3195 965 3277 scriptura
986 3192 1198 3276 pracferenda
1218 3195 1298 3260 mihi

126 3298 263 3363 videtur.
307 3295 391 3362 Nam
413 3296 583 3377 Corinthii,
605 3299 661 3381 qui
686 3305 785 3363 antea
807 3296 969 3374 dixerunt,
1005 3316 1032 3360 e.
1056 3294 1097 3360 70
1124 3297 1173 3361 ita
1200 3296 1299 3363 verba

127 3400 268 3465 faciuntr
290 3393 396 3481 ὂὶξιοι
418 3394 636 3482 νομίζομεν
657 3391 741 3466 εἶναι
763 3403 834 3476 τοῖς
857 3397 961 3474 πέλας
983 3393 1090 3481 ψόγον
1104 3391 1299 3482 ἐπενεγκεῖν.

127 3503 179 3567 Ad
198 3502 281 3568 haec
302 3501 401 3567 verba
423 3523 496 3567 eum
517 3508 627 3568 noster
653 3502 744 3570 locus
771 3501 936 3584 respiciat,
965 3497 1173 3581 intellegitur,
1201 3519 1300 3582 quam

126 3611 203 3688 apte
235 3590 450 3668 Athenienses
476 3602 544 3669 fere
572 3605 688 3670 iisdem
718 3603 824 3669 verbis
850 3600 1080 3684 respondeant:
1114 3589 1180 3683 ἆρα
1212 3593 1300 3680 ἄξιοι

127 3705 288 3787 δοκοῦμεν
302 3700 379 3786 ὑμῖν
393 3699 496 3783 οὕτως
517 3703 714 3792 ἐπιφθόνως
734 3704 934 3770 διακεῖσθαι.
958 3738 993 3750 -
1013 3701 1154 3768 Huncin
1170 3703 1299 3768 modum

128 3808 257 3892 saepius
279 3806 365 3891 apud
387 3806 608 3893 Thucydidem
629 3815 795 3874 oratorum
822 3805 922 3872 verba
942 3804 1106 3888 respicere
1131 3804 1173 3870 ad
1203 3805 1301 3871 aliam

127 3911 313 3987 orationem,
343 3917 457 3976 notum
487 3918 546 3977 est.
591 3911 745 3999 Ceterum·
762 3931 828 3993 qna
851 3909 892 3974 de
921 3927 1022 3974 causa
1042 3905 1200 3987 δοκοῦμεν
1220 3901 1298 3990 ὑμῖν

129 4017 292 4078 mutatum
312 4013 357 4078 sit
384 4032 448 4078 non
470 4013 552 4079 satis
573 4015 734 4098 perspicio
759 4015 849 4096 (nam
872 4030 949 4077 casu
971 4010 1123 4075 omissum
1151 4029 1221 4074 esse
1247 4010 1301 4075 vix

131 4115 348 4200 crediderim),
378 4115 440 4180 nisi
462 4121 616 4200 putamus
637 4115 679 4180 ab
701 4114 810 4197 aliquo
835 4113 957 4179 lectore
979 4106 1086 4192 ἐσμέν,
1110 4111 1196 4193 qnod
1218 4131 1301 4196 pau-

129 4217 232 4284 lulum
253 4216 431 4301 simplicius
454 4223 513 4295 est,
534 4218 790 4301 superscriptum
811 4222 845 4282 et
865 4215 900 4280 id
921 4220 1035 4301 postea
1056 4213 1090 4277 in
1105 4212 1302 4299 Thucydidis

129 4322 203 4406 ipsa
222 4321 322 4387 verba
341 4325 510 4404 receptum
532 4337 612 4386 esse.
654 4317 758 4387 Aliter
782 4319 826 4387 de
843 4316 1013 4386 simillimo
1024 4313 1109 4380 hoco
1122 4313 1334 4378 censendum

121 4430 206 4509 puto
228 4422 286 4490 cfr.
308 4421 348 4504 ll,
374 4422 424 4491 60.

1093 4529 1138 4590 v
