2918 4770
706 237 747 305 51

222 427 382 493 Secuntur
404 425 491 509 apud
512 425 732 512 Thucydidem
753 425 853 493 uerba
874 419 1065 508 νομίσαντες
1088 463 1128 475 -
1150 424 1208 514 τὴν
1230 421 1311 511 μνιό-

135 550 199 613 μην
231 521 372 608 ἓλμντας,
414 549 498 612 quac
527 529 726 612 interpolata
761 529 912 595 uidentur
944 528 1086 613 Stsupio.
1151 528 1310 596 Garrulus

137 631 220 696 enim
235 629 438 714 Thucydides
460 636 545 695 esset
558 630 736 711 habendus,
759 631 797 713 si,
819 631 973 714 quoniam
994 632 1079 697 dixit
1092 630 1309 716 Rhamphiam

136 753 195 816 per
217 731 415 799 Thessaliam
446 734 586 799 transire
619 754 682 798 non
717 733 873 816 potuisse,
906 734 964 798 sed
994 755 1014 798 a
1045 733 1208 800 Thessalis
1241 753 1310 799 esse

136 834 336 918 impeditum,
371 834 452 901 alias
485 841 689 901 enumeraret
722 855 846 912 causas,
880 836 998 918 quibus
1029 835 1238 919 Rhamphias,
1272 841 1310 900 ut

137 936 265 1001 domum
293 936 424 1014 rediret,
448 943 533 1002 esset
562 943 739 1002 commotus
761 938 806 1021 (p.
819 937 908 1020 274).
952 937 1015 1004 Sed
1037 939 1178 1021 primum
1200 938 1308 1015 mirer,

137 1038 224 1122 quod
245 1058 309 1103 non
332 1037 467 1103 offendit
488 1038 642 1122 Steupius
666 1039 764 1104 etiam
786 1039 818 1102 in
842 1039 949 1104 verbis
975 1037 1032 1104 καὶ
1053 1034 1121 1122 ἅμα
1143 1035 1310 1124 Βρασίδου
1330 1119 1332 1122 ¹

137 1144 328 1217 τεθνεῶτος,
354 1161 438 1224 quae
460 1141 528 1205 sine
550 1140 649 1205 dubie
670 1146 746 1223 post
768 1135 960 1205 κωλυόντων
981 1144 1047 1206 τῶν
1072 1141 1261 1220 Θεσσαλῶν,
1282 1141 1309 1205 si

137 1241 253 1308 horum
274 1241 444 1307 verborum
467 1244 630 1308 sententia
659 1248 744 1308 esset
772 1263 810 1307 ea
840 1265 937 1327 quam
960 1244 1113 1328 Steupius
1134 1244 1213 1322 vult,
1246 1263 1309 1308 non

136 1345 243 1409 minus
264 1365 503 1429 superuacanea
525 1351 558 1409 et
578 1345 691 1428 inepta
713 1351 820 1410 essent
841 1346 968 1424 addita,
987 1368 1085 1430 quam
1107 1341 1204 1412 verba
1218 1339 1311 1426 νομί-

138 1465 253 1522 σαντες
278 1466 326 1530 sq.
353 1448 385 1510 in
416 1447 534 1531 quibus
564 1445 697 1512 offendit
719 1447 881 1531 Steupius.
924 1448 1008 1514 Nam
1038 1451 1066 1514 si
1087 1447 1311 1532 Peloponnesii

136 1569 196 1631 per
218 1548 415 1613 Thessaliam
443 1556 618 1632 penetrare
649 1569 713 1614 nun
732 1556 878 1633 possunt,
910 1551 1070 1634 quomodo
1099 1552 1164 1616 dici
1191 1555 1309 1634 potest,

137 1668 192 1715 eos
213 1656 348 1734 propter
370 1650 526 1716 Brasidae
559 1657 695 1716 mortem
724 1650 811 1716 ultre
842 1652 974 1718 domum
1007 1653 1208 1718 redeundum
1241 1671 1311 1718 esse

137 1753 323 1819 censuisse?
365 1753 540 1818 Praeterea
562 1755 722 1836 quomode
744 1753 895 1837 Steupius
925 1754 1067 1839 explicat
1088 1754 1175 1820 hunc
1203 1754 1310 1820 locum

138 1855 234 1938 plane
256 1856 304 1921 ita
326 1861 565 1938 comparatum:
587 1855 648 1920 Dio
672 1853 781 1939 Chrys.
805 1877 850 1921 or.
873 1855 912 1933 Il,
940 1858 955 1920 l
980 1851 1149 1939 ε’τόμχαντε
1170 1852 1310 1940 μὲνγὰρ

135 1954 344 2040 Ἀλέξανδρος
365 1952 619 2041 στρατευόμενος
648 1950 708 2043 ’ήδη
738 1955 820 2038 μετὰ
845 1962 905 2022 τοῦ
933 1954 1082 2042 πατρός
1115 1954 1224 2023 καίτοι
1251 1961 1311 2022 τοῦ

140 2057 317 2126 Φιλίππου
344 2056 553 2136 κωλόοντοςλ
596 2059 670 2124 Jam
700 2080 773 2124 cum
802 2080 961 2144 apparere
987 2067 1108 2144 putem,
1143 2061 1310 2144 Steupium

137 2164 308 2230 uerborum
329 2157 518 2225 κωλυόντων
539 2165 605 2224 τῶν
622 2163 798 2227 Θεσσαλῶν
813 2165 1007 2228 sententiam
1023 2184 1087 2228 nou
1102 2161 1309 2240 intellexisse,

138 2267 308 2350 quaeritur
329 2264 408 2347 quid
429 2284 464 2327 re
485 2283 562 2327 vera
582 2264 786 2348 significent?
829 2266 953 2332 Scimus
968 2271 1077 2330 autem
1092 2264 1310 2348 participium,

139 2370 225 2453 quod
247 2367 342 2450 uulgo
364 2371 498 2432 uocatur
520 2369 675 2450 temporis
697 2370 884 2452 praesentia,
916 2388 980 2432 non
1011 2368 1116 2431 minus
1144 2387 1213 2431 esse
1233 2387 1311 2449 par·

138 2471 286 2555 ticipium
308 2468 489 2552 imperfecti
512 2468 673 2553 (Krueger
686 2469 756 2552 Spr.
771 2473 799 2550 ἓ.
814 2472 864 2547 53,
888 2470 911 2547 Ι,
936 2471 981 2555 9).
1027 2468 1170 2552 Cumque
1190 2469 1311 2552 imper·

136 2574 266 2651 fectum,
296 2579 335 2637 ut
356 2570 394 2636 G.
417 2571 620 2637 Hermannus
646 2572 688 2637 ad
711 2570 808 2655 Soph.
831 2572 878 2635 Αἰ.
904 2573 986 2637 1126
1008 2571 1097 2649 dicit,
1132 2570 1309 2655 significet:

137 2677 297 2758 „uoluisse
318 2675 465 2757 aliquem
482 2672 606 2756 aliquid
629 2674 745 2752 facere,
769 2675 826 2739 sed
849 2694 912 2739 nen
934 2673 1138 2758 perfecisse“‚
1162 2673 1236 2758 quis
1258 2679 1309 2738 est

136 2781 215 2864 quin
236 2779 354 2855 videat,
377 2776 439 2842 hoc
460 2777 531 2842 loco
553 2799 613 2861 per
633 2771 821 2842 κωλυόντων
843 2784 978 2842 conatus
999 2784 1128 2842 tantum
1138 2775 1308 2842 Thessalu-

136 2904 208 2949 rnm
240 2880 437 2964 significari?
480 2879 551 2945 Nun
584 2882 684 2963 igitur
716 2879 906 2945 vertendum
942 2901 1011 2945 esse
1041 2888 1132 2964 puto,
1166 2879 1232 2958 „da
1256 2879 1309 2944 die

136 2983 307 3050 Thessales
328 2983 374 3047 sie
397 3003 450 3047 am
464 2981 705 3048 Durchmarsch
726 2981 918 3046 hinderten“
941 2982 998 3048 sed
1020 2982 1085 3061 „da
1107 2980 1310 3047 dieThessa·

136 3086 185 3152 ler
206 3087 253 3151 sie
281 3106 321 3150 zu
343 3084 481 3149 hindern
508 3084 699 3150 versuchten
726 3084 745 3148 i.
768 3104 794 3148 ε.
823 3085 868 3149 sie
891 3083 1079 3165 angriffen“.
1122 3084 1204 3149 Tum
1234 3103 1308 3149 vero

136 3209 220 3273 quae
234 3194 388 3254 secuntur
404 3206 521 3252 causae
535 3188 656 3271 optime
679 3207 752 3251 cum
773 3186 879 3269 prima
894 3186 1109 3263 consentiunt,
1132 3207 1207 3252 uam
1221 3187 1309 3270 quod

136 3290 282 3356 Thessali
304 3291 337 3353 in
359 3288 630 3355 Lacedaemonios
652 3289 792 3373 impetus
814 3286 978 3353 faciebant
999 3287 1058 3353 hos
1078 3295 1148 3354 tum
1167 3288 1307 3367 demum,

135 3400 174 3459 ut
187 3393 332 3459 redirent
347 3412 544 3457 commouere
559 3391 709 3476 debebat,
732 3413 803 3457 cum
818 3389 902 3456 aliae
916 3389 1073 3455 redeundi
1089 3411 1205 3456 causae
1216 3411 1309 3456 acce·

137 3497 262 3562 derent.

221 3598 285 3664 Suo
306 3597 377 3662 iure
399 3596 533 3662 offendit
556 3596 707 3680 Steupius
736 3594 800 3661 alic
821 3593 901 3661 loco.
944 3594 1027 3661 Nam
1050 3594 1136 3678 quod
1159 3596 1193 3659 in
1215 3616 1243 3661 c.
1268 3597 1308 3660 14

134 3699 234 3766 verba
270 3694 327 3762 καὶ
358 3694 437 3775 τσδς
473 3694 656 3779 ξυμμάχους
687 3693 756 3779 ἅμα
789 3693 939 3762 ἐδέδισαν
972 3701 1064 3782 σφῶν
1097 3695 1142 3783 μὴ
1176 3693 1232 3765 διδ
1265 3694 1307 3761 τὰ

136 3797 314 3887 σφάλματα
348 3796 560 3883 ἐπαιρόμενοι
603 3796 662 3865 ἐπὶ
696 3797 799 3864 πλέον
831 3792 1006 3864 ἀποστῶσι
1057 3799 1101 3863 ad
1152 3819 1190 3865 ea
1222 3821 1307 3882 qnae

135 3903 337 3989 praecedunt
365 3899 422 3966 καὶ
450 3898 510 3967 οὐκ
531 3899 657 3983 ἔχοντες
677 3898 735 3988 τὴν
756 3896 878 3966 ἐλπίδα
898 3906 957 3987 τῆς
978 3892 1089 3986 ῥώμης
1110 3897 1233 3986 πιστὴν
1258 3896 1308 3967 ἔτι

135 3995 222 4095 ᾗπερ
244 4000 283 4069 ου’
306 4001 542 4088 προσεδέχοντο
570 4005 730 4089 πρότερον
759 4000 819 4079 τὰς
849 3999 995 4081 σπονδάς
1027 4014 1065 4068 ut
1094 4023 1178 4070 nova
1208 4023 1307 4071 causa

135 4109 301 4175 adduntur
341 4108 488 4191 ineptum
526 4107 663 4186 uidetur,
705 4127 777 4172 cum
816 4105 914 4171 verba
946 4101 1002 4169 καὶ
1044 4142 1085 4154 -
1131 4096 1307 4170 ἀποστῶσι

135 4212 254 4296 prioris
280 4211 347 4275 siut
368 4211 548 4275 sententiae
577 4229 676 4275 causa
702 4214 830 4273 tantum
859 4216 892 4274 et
917 4208 1011 4291 quasi
1039 4228 1124 4291 pars,
1159 4226 1245 4289 erge,
1278 4208 1306 4271 si

136 4314 340 4400 Thucydides
362 4314 490 4378 omuino
510 4311 591 4378 illud
615 4313 655 4377 de
676 4313 835 4376 sociorum
857 4309 985 4376 defectu
1008 4309 1127 4375 addere
1144 4308 1306 4386 voluisset,

135 4415 198 4483 alio
220 4416 290 4485 loco
313 4413 533 4482 collocandum
564 4413 689 4482 fuisset.
731 4411 851 4498 lleune
874 4413 952 4499 inse
973 4409 1139 4490 'intellege
1165 4423 1339 4486 suasum

1418 4566 1433 4729 l
