2918 4770
700 205 743 271 42

137 389 225 472 quod
246 389 383 473 Sopater
414 388 545 466 exhibet
575 397 650 474 post
677 385 882 472 μαχούμεθα,
915 391 983 456 sine
1017 390 1115 456 dubio
1147 390 1307 474 glossema

137 497 186 556 est
207 491 250 563 ad
273 488 430 557 ε’λάσσοσι
451 492 658 577 adscriptum

221 593 334 672 11‚39.
365 595 452 677 (124,
475 597 532 680 21)
567 583 628 658 ονίι
656 589 745 661 ἔστιν
773 590 865 672 ὅπως
895 587 1106 679 ἇπείργομεν]
1129 589 1188 660 οὐκ
1216 591 1306 662 ἔστιν

136 688 193 759 ὅτε
226 691 426 781 ξενηλασίαις
458 687 658 780 ἆιεειῗργομεν
693 696 785 764 codd.
831 735 869 747 -
911 696 1111 763 Scholiastae
1142 698 1307 782 scriptura

136 817 241 880 neque
261 797 387 863 librarii
403 819 511 863 errore
533 819 572 863 ex
593 805 705 865 nostra
719 799 898 883 depravata
919 819 988 864 esse
1008 805 1126 883 potest,
1153 821 1214 865 uec
1235 822 1306 866 cre-

137 898 213 962 dere
242 897 329 976 licet,
360 920 431 964 eam
458 905 619 966 mutatam
648 921 718 966 esse
746 923 786 966 ex
812 907 926 966 nostra
955 901 996 966 de
1025 901 1166 968 cousiho.
1219 903 1306 988 Ergo

136 999 247 1066 hausit
269 1022 340 1066 eam
361 1001 537 1068 scholiasta
565 1024 606 1068 ex
634 1023 692 1069 suo
717 1003 826 1069 codice
847 1002 1063 1088 Thucydideo.
1107 1003 1179 1069 Jam
1202 1026 1305 1088 quae-

136 1103 221 1167 ritur
242 1109 317 1169 utra
338 1105 503 1189 scriptura
524 1105 737 1189 praeferenda
764 1105 815 1170 sit.
858 1104 948 1170 Alias
975 1107 1063 1189 apud
1085 1105 1306 1192 Thucydidem

137 1196 196 1268 oria
218 1199 307 1270 ἔστιν
329 1201 383 1270 ὅτε
410 1228 472 1272 non
496 1208 656 1274 invenitur
685 1212 718 1271 et
747 1207 960 1273 dubitandum
987 1214 1046 1286 est,
1075 1230 1152 1273 num
1177 1209 1306 1275 omnino

136 1307 180 1371 sit
201 1315 403 1392 usurpatum,
427 1317 514 1376 certe
527 1310 710 1394 Kruegerus
733 1309 901 1375 dubitasse
922 1310 1050 1375 uidetur
1072 1312 1116 1394 (ᾗ.
1129 1311 1179 1390 61,
1202 1313 1232 1391 5,
1256 1314 1307 1397 5);

137 1401 193 1473 οὐκ
215 1403 305 1474 ἔστιν
325 1405 419 1488 ὅπως
446 1418 555 1477 autem
582 1434 603 1479 a
630 1433 776 1477 sermone
805 1412 907 1477 attice
935 1411 1075 1477 alienum
1105 1434 1169 1478 nou
1197 1412 1305 1493 fuisse,

137 1510 272 1592 quodvis
298 1512 393 1579 docet
419 1514 552 1579 lexicon.
596 1515 770 1581 Praeterea
799 1514 868 1579 sine
895 1514 993 1579 dubio
1016 1514 1221 1600 Thucydides
1242 1537 1307 1582 non

136 1612 171 1676 id
192 1619 320 1679 tantum
342 1616 449 1683 dicere
469 1617 540 1682 vult
572 1616 705 1694 „exsilio
727 1617 925 1700 alienigenas
953 1637 1015 1682 non
1038 1625 1216 1696 arcemus“,
1249 1620 1308 1684 sed

38 1794 40 1797 ι
137 1717 287 1794 „omnino
308 1738 371 1782 non
394 1729 570 1787 arcemus“.
613 1720 697 1785 Nam
718 1725 856 1804 apparet
880 1713 1068 1804 ξενηλασίαν
1091 1740 1153 1784 non
1176 1720 1307 1786 unicam

138 1839 207 1884 esse
228 1822 393 1901 rationem,
416 1822 612 1908 alienigenae
627 1843 738 1888 arcere
760 1844 781 1887 a
802 1820 898 1886 rebus
920 1821 990 1886 uisu
1012 1826 1046 1885 et
1060 1822 1176 1887 auditu
1191 1823 1308 1905 dignis,

137 1921 194 1985 sed
216 1922 250 1985 id
272 1923 378 2006 ipsum
393 1925 504 1992 multis
526 1927 599 1992 aliis
613 1926 717 1991 modis
731 1945 826 2008 posse
848 1922 940 1988 effici.
983 1923 1069 2006 Ergo
1085 1946 1158 1989 oum
1167 1924 1309 1990 Pericles

138 2023 381 2092 Atheniensium
403 2026 589 2095 libertatem
610 2035 710 2113 atque
731 2026 960 2093 liberalitatem
975 2026 1143 2110 praedicet
1165 2033 1199 2092 et
1220 2027 1310 2093 dicat

137 2123 248 2212 κοινην
270 2128 452 2213 παρέχομεν
474 2127 584 2210 πόλιν,
606 2153 669 2197 non
683 2129 814 2208 suflicit,
838 2149 910 2193 eum
925 2127 1041 2193 afferre
1062 2127 1124 2193 hoo
1138 2147 1309 2212 argumen-

138 2234 217 2307 tum,
253 2231 464 2299 Athenienses
499 2233 696 2317 alienigenas
737 2254 777 2297 ex
817 2232 897 2297 urbe
933 2252 998 2296 non
1033 2229 1211 2314 pellere,
1249 2231 1307 2296 sed

138 2331 308 2398 dicendum
341 2336 369 2400 ei
401 2342 459 2415 est,
494 2336 704 2402 Athenienses
732 2335 774 2400 ab
803 2333 990 2399 omnibus
1023 2333 1179 2398 eiusmodi
1208 2332 1308 2400 rebus

138 2433 322 2515 abhorrere,
345 2438 462 2521 quibus
477 2436 676 2521 alienigenae
690 2439 817 2522 possint
832 2430 1053 2521 ἀπείργεσθαι
1074 2426 1095 2520 ἢ
1108 2430 1308 2521 μαθήματος

137 2529 356 2622 ἢθεάμαεος,
385 2541 447 2608 hoe
474 2548 584 2607 autem
612 2541 674 2605 nisi
706 2541 739 2604 in
767 2539 961 2606 scholiastae
989 2537 1095 2603 verbis
1121 2560 1185 2604 nou
1214 2541 1307 2609 inest.

138 2640 253 2724 Itaque
274 2651 354 2727 puto
384 2666 423 2711 ea
448 2644 651 2710 restituenda
680 2663 758 2708 esse.
802 2642 994 2708 Nostrorum
1023 2646 1133 2706 autem
1160 2641 1308 2710 codicum

138 2745 302 2828 scriptura
323 2747 460 2813 fortasse
480 2748 528 2812 ita
550 2752 600 2812 est
621 2753 702 2824 orta,
725 2751 764 2811 ut
784 2747 923 2829 primum
945 2743 1063 2828 aliquis
1085 2744 1127 2808 ad
1143 2745 1308 2829 explican-

139 2846 213 2911 dam
234 2852 427 2916 sententiam
449 2849 702 2934 superscriberet
724 2842 933 2935 ξενηλασίαις,
968 2852 1002 2912 et
1030 2845 1072 2910 ab
1102 2845 1166 2912 alio
1193 2855 1308 2932 postea

138 2943 233 3027 ὅπως
255 2961 516 3038 corrumperetur
539 2954 573 3017 in
594 2947 658 3019 ὅτε.

223 3054 263 3134 II,
287 3057 337 3122 60.
359 3057 447 3143 (137,
470 3059 504 3141 7)
536 3044 607 3122 οἷον
629 3048 823 3141 ἐπείσθητε]
855 3051 966 3119 Nostri
997 3052 1128 3117 codices,
1155 3050 1308 3121 exhibent

139 3149 171 3219 ολ
203 3157 373 3242 ξυνέγνωνε
401 3167 532 3242 praeter
559 3158 584 3224 Ο
612 3159 646 3223 in
677 3177 742 3240 quo
771 3151 790 3220 ὁ
823 3153 995 3238 ξονὲγνιοτε
1024 3154 1153 3236 legitur.
1212 3155 1306 3235 Quod

139 3258 204 3322 iam
240 3280 339 3344 supra
373 3261 626 3339 commemoravi,
670 3259 799 3342 Sopatri
842 3258 985 3323 codicem
1024 3256 1189 3322 interdum
1232 3280 1306 3324 cum

140 3361 194 3427 OG
217 3361 333 3444 facere,
357 3367 443 3431 idem
464 3365 525 3431 hoc
547 3383 676 3447 quoque
698 3360 768 3427 loco
792 3360 962 3444 reperitur.
1005 3357 1089 3425 Nam
1120 3350 1191 3425 οἱον
1212 3359 1307 3428 εἰοελ-

139 3468 245 3551 σθηιε
266 3469 335 3535 sine
357 3469 455 3534 dubio
476 3467 523 3532 nil
545 3473 595 3532 est
614 3465 677 3529 nisi
700 3452 719 3527 ὃ
742 3457 988 3547 σονειιείσθητε,
1018 3482 1094 3545 ergo
1123 3463 1155 3526 in
1177 3463 1308 3548 Sopatri
1368 3503 1369 3506 π

141 3568 250 3634 codice
282 3569 345 3636 fuit
374 3591 437 3636 non
469 3564 501 3634 oi
534 3563 631 3633 sedd
660 3568 745 3632 sicut
766 3568 798 3632 in
822 3565 847 3631 Ο
869 3569 929 3629 est.
988 3563 1112 3630 Deinde
1145 3567 1232 3648 quod
1264 3567 1307 3632 ad

141 3669 314 3754 σονὲμνωιε
336 3680 370 3738 et
392 3666 640 3756 οονειιείσθητε,
669 3669 732 3736 hoc
757 3675 883 3735 rectum
904 3686 973 3732 esee
995 3669 1118 3751 nequit,
1147 3668 1307 3752 siquidem

140 3794 203 3838 non
225 3774 433 3858 intellegitur,
456 3775 512 3857 qui
533 3773 731 3857 praepositio
753 3794 811 3836 σον
832 3771 865 3835 in
880 3763 1118 3854 σονειιείσθηεε
1139 3769 1182 3834 ad
1203 3776 1307 3836 totam

140 3879 334 3942 sententiam
357 3875 518 3961 quadrare
548 3877 659 3959 possit.
702 3875 854 3939 Fortasse
883 3872 915 3935 in
944 3870 1054 3954 aliquo
1076 3871 1186 3936 codice
1208 3892 1307 3957 super

140 3976 311 4062 ξονὲμνοιεε
337 3987 519 4046 nostrorum
549 3978 696 4044 codicum
725 3974 981 4060 superscriptum
1016 3979 1087 4037 erat
1114 3967 1305 4059 ἐπείσθητε,

141 4080 228 4162 quod
258 4081 370 4146 statim
405 4082 494 4165 apud
527 4080 748 4165 Thucydidem
781 4076 928 4160 sequitur
966 4075 1053 4157 (137,
1080 4077 1118 4141 16
1149 4077 1307 4160 πολεμεῖν

141 4178 347 4269 ἐπείσθητε),
367 4184 519 4249 librarius
542 4188 651 4248 autem
670 4183 704 4246 in
728 4177 939 4246 describendo
967 4176 1048 4243 haec
1068 4176 1131 4244 duo
1153 4178 1252 4244 verba
1272 4180 1307 4244 iu

141 4281 380 4372 carentiumque
402 4287 575 4364 coniunxit.

108 4463 110 4467 ,
215 4387 288 4464 137,
314 4383 465 4473 θῇννιον
486 4384 570 4472 εἰμι’]
590 4381 696 4475 ἥσσων
718 4380 832 4469 οἴομαι
844 4376 927 4450 εἶναι
940 4383 1031 4450 codd.
1048 4419 1089 4430 -
1104 4381 1307 4466 scripturam
