2918 4770
702 208 745 282 hd

136 397 171 468 id
193 403 280 487 quod
302 402 454 488 Steupius
481 402 592 472 multis
619 403 724 471 verbis
752 404 974 470 demonstrare
1002 410 1146 484 conatur,
1178 427 1310 492 quaque

137 508 172 572 in
193 529 229 573 re
244 508 361 573 nititur
381 515 452 574 tota
467 510 536 575 eius
551 508 799 592 argumentatio,
821 506 990 572 Brasidam
1000 516 1174 592 propterea
1187 511 1310 577 bellum

138 612 283 692 gessisse,
320 618 358 676 ut
389 612 631 678 Atheniensium
668 611 771 676 socios
806 608 970 688 liberaret,
1006 612 1135 676 minime
1172 621 1310 680 constat.

137 711 269 778 Nullum
291 714 537 799 enimSteupius
558 715 663 780 locum
685 710 806 790 attulit,
829 733 893 794 quo
905 712 1108 796 Thucydides
1129 714 1199 797 ipse
1214 717 1310 780 nudis

138 815 243 881 verbis
271 814 420 894 affirmet,
451 816 620 881 Brasidam
651 836 688 880 re
710 835 785 880 vera
806 813 840 878 id
861 814 1007 892 voluisse,
1040 816 1097 880 sed
1125 815 1207 880 nihil
1229 817 1310 882 dicit

138 917 352 1002 Thucydides,
385 919 448 983 nisi
477 918 649 984 Brasidam
682 918 716 981 in
752 916 953 982 orationibus
980 917 1023 981 ad
1055 919 1157 983 socios
1188 919 1310 984 habitis

138 1018 326 1098 affirmasse,
358 1040 392 1085 se
414 1020 457 1086 ad
480 1041 534 1086 eos
556 1018 740 1085 liberandos
762 1017 882 1084 bellum
905 1040 1016 1101 gerere
1039 1016 1088 1104 (ἐν
1108 1023 1180 1098 τοῖς
1201 1016 1312 1106 λόγοις

139 1124 307 1202 πανταχοῦ
343 1117 459 1207 ἐδήλου
494 1112 541 1198 ἀς
571 1115 799 1204 ἐλευθερώσων
834 1120 893 1206 την
925 1115 1064 1184 Ἑλλάδα
1096 1118 1310 1210 ἐκπεμφθείη

139 1223 191 1304 IV,
219 1225 289 1302 108,
311 1225 357 1308 2),
380 1223 466 1288 unde
487 1244 559 1288 mea
580 1224 710 1306 quidem
725 1224 885 1288 sententia
899 1222 1029 1287 minime
1044 1225 1202 1290 coniicere
1223 1225 1310 1304 licet,

138 1326 308 1392 Brasidam
330 1327 364 1390 id
386 1328 473 1409 quod
488 1325 702 1410 profitebatur
725 1347 760 1391 re
783 1347 860 1392 uera
874 1326 1022 1392 uoluisse.
1065 1327 1180 1411 Itaque
1202 1326 1250 1407 fit,
1272 1335 1312 1394 ut

139 1449 299 1513 nusquam
331 1428 534 1513 Thucydides
568 1429 666 1507 dicat,
705 1428 746 1493 ob
780 1430 883 1494 socios
918 1428 1078 1495 liberandi
1111 1429 1312 1496 voluntatem

139 1531 310 1598 Brasidam
332 1530 409 1596 belli
431 1530 736 1612 fuissertudiosum.
780 1529 844 1596 Ubi
867 1537 976 1597 autem
997 1532 1030 1595 in
1044 1531 1216 1597 Thraciam
1238 1554 1312 1598 eum

140 1633 322 1718 profectum
345 1654 415 1699 esse
436 1633 537 1700 refert
559 1633 691 1720 (IV,81,
717 1635 749 1718 l)
771 1632 852 1698 nihil
874 1634 954 1699 dicit
974 1635 1036 1698 nisi
1058 1626 1158 1699 αὐτὸν
1178 1631 1313 1721 ὁὲΒρα-

142 1731 237 1801 σίδαν
259 1730 457 1818 βουλόμενον
478 1733 622 1818 μάλιστα
643 1731 908 1817 Λακεδαιμόνιοι
930 1731 1141 1801 ἀπέστειλαν.
1187 1737 1312 1815 Quibus

142 1860 181 1904 ex
202 1839 318 1916 verbis,
347 1839 375 1903 si
396 1839 523 1904 omnino
553 1838 677 1922 aliquid
707 1839 865 1903 coniicere
895 1836 982 1916 licet,
1010 1837 1072 1903 hoe
1101 1845 1189 1904 certe
1212 1841 1313 1905 conii·

142 1942 290 2007 ciendum
312 1946 370 2019 est,
402 1939 571 2007 Brasidam
597 1942 644 2006 eis
665 1941 705 2006 de
729 1942 834 2007 causis
855 1939 932 2006 belli
953 1939 1052 2005 fuisse
1075 1941 1237 2025 cupidum,
1271 1943 1313 2008 de

141 2042 259 2127 quibus
280 2042 400 2108 bellum
423 2063 541 2127 cupere
561 2043 680 2109 milites
703 2043 816 2122 solent,
842 2042 967 2111 scilicet
995 2048 1033 2107 ut
1054 2042 1190 2124 gloriam
1212 2065 1253 2109 ex
1276 2065 1313 2110 eo

141 2145 364 2230 adipiscantur
384 2151 484 2228 atque
504 2144 667 2212 honorem.
710 2146 835 2211 Deinde
856 2151 967 2211 autem
989 2165 1027 2210 eo
1048 2144 1129 2223 loeo,
1151 2165 1216 2228 quo
1230 2146 1313 2213 Bra-

142 2249 232 2315 sidae
259 2249 363 2314 oratio
393 2246 534 2312 refertur
561 2247 604 2314 ad
634 2247 811 2313 Acanthios
839 2247 962 2326 habita,
991 2250 1024 2311 in
1052 2268 1118 2330 qua
1146 2248 1187 2312 de
1217 2250 1313 2315 sociis

142 2350 317 2417 liberandis
331 2349 420 2429 dicit,
443 2348 536 2414 addit
548 2348 752 2434 Thucydides
768 2349 836 2432 (IV,
846 2350 913 2433 88),
935 2347 1201 2415 fuisseBrasidae
1214 2350 1314 2419 verba

144 2444 298 2537 ἐπαγωγά
314 2451 345 2518 h
360 2473 386 2516 e.
402 2453 465 2532 „ad
479 2452 678 2518 audientium
694 2454 816 2518 animos
829 2451 1036 2535 pelliciendos
1052 2458 1159 2535 apta“.
1194 2452 1314 2530 Quam-

142 2577 241 2639 quam
273 2555 373 2639 igitur
403 2574 466 2619 nou
496 2555 655 2639 expressis
682 2555 788 2622 verbis
820 2553 911 2632 dicit,
944 2553 1113 2620 Brasidam
1147 2555 1316 2622 simulasse

142 2659 223 2724 illud
236 2659 339 2724 socios
351 2656 512 2722 liberandi
527 2657 678 2737 studium,
702 2664 810 2723 tamen
831 2655 867 2720 id
885 2662 1059 2740 propterea
1080 2677 1119 2720 ex
1140 2656 1196 2722 illo
1218 2659 1316 2726 uerbo

144 2760 397 2827 concludendum
420 2780 489 2825 esse
517 2766 608 2842 puto,
640 2760 718 2842 quia
743 2760 816 2825 aliis
839 2759 918 2825 locis
941 2755 1112 2842 ἕποχωγός
1141 2759 1206 2842 (vel
1228 2761 1316 2843 quod

143 2862 229 2928 idem
256 2860 415 2945 significet
444 2854 586 2946 ἐφολκός
616 2859 672 2927 cir.
703 2860 802 2928 schol.
831 2862 929 2928 Thuo.
952 2861 1005 2940 IV,
1030 2862 1101 2939 108,
1124 2861 1159 2946 4)
1189 2882 1317 2946 semper

145 2965 185 3028 de
216 2964 314 3029 rebus
344 2961 426 3028 falso
460 2963 597 3046 prolatis
629 2969 820 3046 usurpatur:
853 2963 908 3041 Vl,
931 2963 973 3028 82
1004 2959 1159 3047 ἐπαγωγὰ
1180 2961 1234 3028 καὶ
1258 2956 1317 3029 οὐκ

144 3059 258 3152 ἀληθῆ
291 3065 328 3144 V,
352 3065 393 3131 85
425 3061 581 3150 ἐπαγωγὰ
602 3064 658 3130 καὶ
681 3060 854 3149 ἀνέλεγκτα
886 3065 944 3144 IV,
970 3063 1083 3145 108,4
1116 3061 1241 3151 ἐφολκά
1261 3063 1318 3131 καὶ

145 3162 183 3232 οὗ
204 3163 246 3232 τὰ
267 3159 357 3232 ὄντα.
400 3166 516 3250 Itaque
545 3189 616 3234 meo
646 3169 718 3233 iure
745 3166 907 3233 affirmare
937 3168 1017 3233 mihi
1050 3166 1169 3246 videor,
1205 3176 1317 3235 nostro

145 3291 275 3354 quoque
296 3270 367 3335 loco
388 3269 445 3334 illa
472 3269 570 3334 verba
591 3270 746 3335 Brasidae
775 3271 816 3334 de
844 3270 939 3335 sociis
962 3268 1139 3335 liberandis
1161 3266 1320 3356 ἒπαχωχά

146 3379 274 3438 tautum
286 3368 342 3435 καὶ
357 3363 415 3435 οὐκ
429 3364 540 3457 ἀληθῆ
554 3371 662 3449 fuisse,
685 3393 721 3436 re
743 3391 819 3436 vera
833 3379 943 3436 autem
958 3392 1030 3435 eum
1045 3371 1165 3436 bellum
1180 3374 1318 3456 gessisse

146 3481 186 3540 ut
207 3495 232 3540 o.
255 3475 291 3553 V,
316 3475 356 3538 16
382 3472 518 3556 legimus
541 3470 596 3538 διαὶ
630 3469 669 3537 τὸ
699 3469 840 3554 εὐτυχεῖν
868 3496 904 3538 τε
929 3470 986 3538 καὶ
1005 3475 1173 3554 τιμᾶσθαι
1201 3471 1237 3538 ἐκ
1259 3479 1321 3539 τοῦ

22 3594 26 3600 ·
147 3576 311 3658 πολεμεῖν.
333 3574 396 3641 Sed
410 3575 472 3640 hoc
492 3581 569 3640 utut
589 3595 624 3640 se
646 3573 756 3655 habet,
780 3574 832 3641 fae
853 3596 890 3640 re
911 3596 996 3656 vera,
1018 3575 1051 3640 id
1065 3576 1318 3661 quodSteupius

147 3678 226 3759 vult,
263 3676 431 3744 Brasidam
459 3677 703 3742 Atheniensium
731 3679 835 3743 socios
864 3677 1004 3743 liberare
1033 3677 1181 3757 voluisse,
1213 3701 1319 3745 nonne

149 3781 284 3864 cogitari
306 3785 414 3862 potest
434 3786 605 3862 praeterea
626 3779 698 3844 aliis
720 3800 848 3863 quoque
875 3779 917 3844 de
939 3779 1045 3844 causis
1066 3778 1144 3844 belli
1166 3783 1318 3865 cupidum

150 3902 224 3945 eum
243 3880 364 3946 fuisse?
386 3903 462 3945 num
483 3880 565 3947 haec
586 3883 689 3947 socios
710 3881 869 3947 liberandi
890 3880 1037 3947 voluntas
1051 3883 1180 3947 omnino
1194 3890 1320 3966 pugnat

151 4004 224 4049 cum
245 3982 322 4049 belli
344 3985 478 4066 gerendi
499 3985 680 4068 cupiditate
702 3982 757 4048 διὰ
779 3980 817 4048 τὸ
837 3975 979 4064 εὐτυχεῖν
999 4007 1035 4048 τε
1055 3980 1112 4048 καὶ
1133 3986 1320 4065 τιμᾶσθαιλ

150 4085 224 4151 Mea
245 4086 374 4168 quidem
396 4088 557 4152 sententia
578 4087 698 4170 optime
719 4084 789 4150 fieri
810 4092 927 4169 potest,
950 4091 989 4150 ut
1009 4086 1127 4170 aliquis
1141 4087 1320 4170 imperator

150 4186 228 4253 belli
249 4189 293 4252 sit
314 4180 460 4272 cupidus,
491 4191 568 4273 quia
592 4187 743 4255 bellando
771 4194 804 4252 et
836 4188 969 4270 gloriam
991 4194 1089 4271 atque
1110 4188 1264 4255 honorem
1286 4209 1322 4255 se

152 4290 346 4373 adepturum
368 4298 402 4357 et
422 4291 567 4358 homines
587 4291 740 4357 subactos
753 4288 966 4354 liberaturum
987 4310 1057 4355 esse
1076 4297 1197 4373 sperat
1240 4290 1321 4357 oum

138 4397 252 4456 autem
271 4393 502 4461 itahominum
522 4402 641 4461 natura
662 4395 707 4461 sit
721 4393 931 4474 conformata,
949 4400 989 4458 ut
1000 4394 1202 4477 potissimum
1223 4395 1320 4463 rebus
