2918 4770
700 237 743 302 26

137 425 311 509 φοροῦντες
333 423 589 507 coniungendam
612 429 669 498 ost,
693 443 756 488 non
777 422 882 487 minus
898 423 1154 507 coniungendam
1170 430 1312 489 osteum

137 518 335 602 ἐπαύσαντο,
367 547 440 592 nam
463 528 639 611 φοροῦντες
665 526 707 591 ab
729 520 917 590 ἐπαύσαντο
946 525 1034 592 nullo
1061 528 1156 592 modo
1183 526 1314 609 seiungi

136 634 254 712 potest.
298 629 378 693 Tum
401 635 511 695 autem
533 630 727 693 sententiam
750 628 827 693 oriri
841 627 979 694 alienam
1000 628 1233 714 aThucydidis
1256 650 1313 695 vo·

136 730 261 795 luntate
282 751 384 808 nemo,
408 732 465 814 qui
487 737 593 796 mento
612 752 675 796 non
691 737 931 814 praeoccupata
951 752 1020 796 rem
1035 738 1167 810 tractat,
1190 752 1313 815 negare

136 837 252 916 potest.
298 833 340 897 At
362 835 470 899 omnia
491 833 728 922 simplicissima
756 838 790 898 et
812 831 955 899 dilucida
985 840 1076 912 suut,
1109 835 1137 899 si
1166 833 1313 900 tollimus

137 934 218 999 illud
240 931 295 999 διὰ
317 931 356 1000 τὸ
377 929 597 1022 ἁβροδίαιτον.
630 935 713 999 Puto
736 935 837 1018 igitur
851 932 932 1000 haec
953 935 1053 1001 verba
1067 957 1128 1002 nou
1144 957 1166 1002 a
1180 935 1312 1023 Thucy·

138 1037 212 1102 dide
234 1044 308 1102 orta
330 1058 409 1115 esse,
432 1038 489 1104 sed
517 1060 537 1104 a
562 1038 699 1115 lectore,
729 1039 784 1121 qui
813 1037 989 1119 respiciens
1016 1038 1059 1103 ad
1089 1034 1241 1128 ἀνειμένῃ
1271 1044 1312 1128 τῇ

138 1135 248 1228 διαίτῃ
274 1139 356 1206 haec
385 1141 428 1207 ad
456 1144 631 1228 φοροῦντες
657 1141 845 1224 adscripsit,
873 1141 958 1205 unde
985 1148 1098 1224 postea
1122 1132 1312 1209 intextum

137 1249 215 1308 sunt
235 1250 374 1327 recepta.
419 1243 579 1325 Cogitavit
601 1243 642 1308 de
665 1243 830 1310 eliciendis
852 1241 903 1308 his
924 1244 1088 1310 vocabulis
1111 1247 1209 1311 etiam
1227 1247 1312 1312 Her·

137 1345 314 1423 werdeuuS,
344 1365 540 1428 quamquam
569 1345 739 1427 ignoravit,
770 1347 834 1410 iam
865 1365 885 1409 a
917 1352 1060 1412 veterum
1091 1349 1312 1431 grammaticis

138 1447 332 1531 quibusdam
368 1469 407 1513 ea
430 1468 499 1513 esse
521 1449 648 1513 omissa.
691 1447 833 1514 Joanncs
862 1447 945 1512 enim
967 1448 1128 1528 Siceliota,
1162 1472 1235 1517 cum
1258 1473 1312 1518 ee-

138 1555 210 1615 tera
223 1551 464 1615 accuratissime
484 1551 610 1628 reddat,
626 1551 708 1617 haec
729 1549 799 1616 sola
819 1549 917 1615 verba
931 1551 1059 1616 omittit
1102 1554 1201 1638 Atqui
1224 1562 1313 1622 certe

138 1672 202 1717 non
225 1653 393 1732 omisisset,
416 1654 443 1718 si
466 1654 498 1717 in
521 1674 579 1720 suo
602 1652 777 1737 exemplari
800 1652 944 1731 fuissent,
967 1651 1058 1719 nulla
1078 1655 1163 1719 enim
1184 1655 1249 1722 alia
1270 1656 1313 1722 de

139 1775 238 1819 causa
259 1754 345 1820 hunc
367 1755 472 1822 locum
494 1754 596 1834 affert,
620 1757 681 1821 nisi
704 1763 742 1820 ut
764 1762 906 1821 veterum
922 1757 1120 1823 demonstret
1139 1757 1312 1839 luxuriam,

138 1863 176 1920 ut
198 1857 268 1939 ipse
290 1857 382 1923 dicit:
405 1853 501 1942 ἁβροὶ
522 1855 581 1940 γὰρ
603 1855 641 1923 τὸ
664 1855 806 1923 παλαιὸν
829 1852 982 1936 οῖ’Ίισνες
1004 1854 1049 1937 ὡς
1070 1855 1126 1924 καὶ
1151 1855 1312 1927 Θουκυδί-

139 1959 197 2044 δης
218 1956 252 2022 ἐν
273 1962 315 2046 τῇ
337 1955 376 2023 α’.
421 1960 496 2026 Sino
511 1960 610 2026 dubio
631 1961 731 2044 igitur
745 1961 843 2027 verba
865 1957 921 2027 διὰ
943 1957 981 2025 τὸ
1004 1956 1222 2047 ἁβροδίαιτον,
1244 1971 1313 2030 tam

139 2068 219 2144 apta
240 2061 282 2126 ad
304 2062 337 2127 id
360 2065 448 2146 quod
474 2063 575 2130 voluit
598 2064 811 2143 officiendum,
840 2065 871 2129 in
904 2064 1014 2129 codice
1041 2085 1099 2129 suc
1129 2086 1192 2130 nou
1221 2065 1312 2150 legit

139 2162 290 2229 Fortasse
312 2172 420 2230 autem
440 2166 505 2228 iam
536 2173 606 2230 turn
633 2166 675 2232 ad
697 2169 874 2249 marginem
903 2173 996 2232 erent
1024 2166 1199 2251 adscripta,
1227 2169 1315 2236 unde

141 2266 366 2351 explicaretur,
400 2267 488 2349 quod
516 2268 674 2334 adiectiro
707 2261 807 2353 ἁβρὸς
836 2289 914 2334 usus
948 2275 1005 2333 est.
1057 2268 1180 2334 Deinde
1214 2271 1313 2337 etiarn

140 2369 238 2434 schol.
260 2368 422 2452 Aristoph.
444 2368 528 2435 Nub.
550 2378 661 2438 nostro
685 2370 755 2437 loco
777 2371 875 2437 verba
896 2370 953 2436 illa
968 2372 1109 2436 nondum
1131 2370 1247 2454 legisse
1268 2374 1313 2438 vi·

140 2471 246 2551 detur,
268 2493 331 2538 non
354 2473 437 2537 enim
465 2474 643 2556 exscripsit.
690 2475 808 2557 Itaque
835 2473 933 2540 verba
961 2473 1015 2540 διὰ
1042 2469 1080 2538 τὸ
1101 2467 1314 2556 ἁβροδίαιτον

139 2573 219 2639 mihi
240 2576 390 2643 videntur
411 2576 556 2642 delenda.

229 2783 276 2849 19.
299 2786 327 2848 4.
372 2781 656 2868 σοναναδούμενοι]
671 2776 884 2863 ἀναδούμενοι
907 2782 999 2849 ocdd.
1023 2781 1227 2847 —Dubium
1250 2802 1316 2848 non

143 2892 201 2962 est,
225 2887 302 2969 quin
324 2910 383 2971 per
412 2911 446 2956 se
468 2889 722 2955 σοναναδεῖσθαι
748 2886 868 2970 optime
890 2885 1044 2951 hocloco
1065 2885 1221 2968 scriptum
1244 2905 1317 2951 esse

142 2989 252 3070 possit,
276 2999 325 3055 est
347 2994 430 3057 enim
453 3001 564 3059 nostra
595 2992 724 3074 lingua:
762 2991 816 3067 „in
846 2989 938 3054 cinon
967 2988 1095 3053 Kuoteu
1123 2989 1211 3073 (σον)
1240 2987 1316 3053 aus·

143 3088 293 3156 binden“.
336 3095 410 3160 Jam
437 3097 606 3180 quaeritur
632 3102 740 3160 utrum
769 3089 1020 3176 praeferendum
1049 3091 1093 3156 sit
1119 3084 1317 3156 ύααδεῖσθαι

144 3193 352 3280 (aufbinden)
373 3221 415 3264 an
437 3198 703 3264 σσναναδεῖσθαι.
746 3195 846 3277 Atqui
876 3190 1027 3276 crcbylus
1052 3191 1108 3257 ille
1138 3194 1317 3259 secundum

145 3296 289 3363 codicum
319 3302 418 3366 verba
445 3303 494 3367 ita
522 3301 671 3377 efficitur,
704 3306 742 3363 ut
768 3320 826 3382 per
854 3295 998 3361 cicadam
1024 3295 1177 3360 insertam
1206 3295 1317 3379 capilli

144 3417 270 3466 sursum
295 3412 463 3470 comantur
484 3397 737 3488 (ἀναδούμενοι).
782 3399 910 3466 Cicadis
941 3397 1031 3462 nulla
1056 3396 1122 3463 alia
1148 3398 1190 3463 de
1216 3418 1318 3464 causa

145 3521 226 3585 opus
249 3526 317 3571 esse
338 3510 456 3591 potuit,
478 3509 540 3573 nisi
563 3514 601 3572 ut
622 3505 824 3589 impedirent,
847 3501 1018 3585 quominus
1041 3499 1232 3584 capillorum
1253 3501 1318 3566 cir-

144 3627 200 3671 rus
222 3609 409 3688 solveretun
432 3617 471 3674 ut
492 3611 629 3694 Sopater
652 3611 720 3674 cod.
742 3607 815 3673 Par·
842 3606 886 3670 ad
914 3603 1092 3684 marginem
1114 3602 1167 3680 IV,
1192 3602 1240 3666 79.
1262 3603 1316 3681 26,

144 3709 214 3774 sine
235 3711 333 3778 dubio
356 3736 394 3778 ex
417 3713 645 3779 commentario
657 3708 864 3794 Thucydideo
887 3707 1094 3789 exscriptum,
1114 3703 1177 3768 hoc
1198 3703 1318 3770 habet:

145 3805 163 3875 ὁ
186 3810 295 3895 τέττιξ
315 3811 493 3897 σύνδεσμος
514 3805 555 3900 ἦν
569 3815 637 3878 τῶν
657 3815 775 3895 τριχῶν
797 3804 881 3874 ὥστε
904 3811 1058 3894 συστῆναι
1072 3802 1128 3871 καὶ
1142 3802 1188 3891 μὴ
1204 3806 1317 3871 διαλα-

145 3916 250 4000 θῆναι
278 3913 336 4004 τὴν
365 3913 499 4004 πλοκήν.
548 3917 640 3996 Quod
673 3936 713 3980 ne
740 3913 841 3988 fieret,
870 3910 980 3994 capilli
1007 3908 1191 3975 cicadarum
1217 3928 1319 3993 opera

146 4019 213 4083 siue
242 4019 340 4086 dubio
363 4042 426 4086 uon
453 4019 556 4086 solum
583 4037 710 4084 sursum
733 4014 914 4096 colligendi,
941 4013 1000 4078 sed
1028 4011 1124 4077 etiam
1154 4011 1186 4074 iu
1217 4031 1317 4076 unum

146 4120 286 4186 nodandi
309 4132 411 4188 erant.
455 4121 538 4188 Nam
559 4122 587 4186 si
608 4137 736 4185 sursum
757 4123 885 4181 tantum
912 4115 1023 4182 nodati
1045 4113 1181 4178 fuissent
1202 4112 1316 4192 crines,

147 4243 209 4287 non
232 4223 486 4309 intellegeretur,
508 4246 567 4289 nec
589 4243 655 4306 qua
677 4221 717 4287 do
739 4241 846 4297 causa,
874 4238 1019 4301 necque
1048 4215 1128 4293 loco,
1154 4234 1215 4279 uec
1235 4235 1318 4296 quo-

147 4326 241 4392 modo
256 4329 382 4395 omnino
396 4323 549 4413 τεττίγων
565 4321 689 4408 ἔνερσις
710 4323 798 4389 iacta
819 4323 871 4390 sit.
915 4320 1002 4402 Ergo
1012 4317 1191 4403 Thucydidi
1206 4317 1317 4382 dicon·

148 4429 225 4493 dum
255 4437 328 4496 erat
355 4432 461 4498 crines
487 4437 521 4496 et
547 4448 674 4495 sursum
703 4432 736 4492 et
760 4427 795 4491 in
821 4446 921 4492 unum
950 4421 1102 4489 collectos
1122 4418 1232 4497 fuisse,
1257 4418 1319 4486 hoc
