2918 4770
709 249 751 314 23

108 499 111 504 ,
147 427 341 518 ποννφσίων,
377 433 424 498 ita
453 441 491 499 ut
517 434 642 501 librarii
674 435 758 500 oculi
792 458 831 501 ex
861 443 953 502 textu
984 439 1017 502 in
1048 461 1087 504 oa
1117 440 1319 508 aberrarent.

144 535 228 601 Nam
250 533 313 600 hoc
326 533 525 620 Thucydidis
547 537 677 602 verbum
694 539 914 621 grammaticis
937 539 1153 624 explicatione
1174 544 1320 626 indigere

145 639 247 704 visum
270 637 369 703 luisse
391 639 519 722 Sopatri
544 640 662 704 docent
683 640 781 704 verba
804 641 857 723 (V.
882 642 929 706 13.
952 644 1018 729 28).

233 741 282 818 16,
308 742 358 805 11.
380 737 448 805 Καὶ
470 736 519 807 ἔτι
541 738 725 824 παλαίτεροι
736 744 773 827 1)]
797 740 852 807 καὶ
874 740 915 807 τὰ
937 739 986 808 ἔτι
1010 746 1101 810 codd.
1124 748 1158 812 Si
1180 747 1318 814 alterum

145 844 238 909 deest
261 841 313 922 cd,
342 843 411 908 sine
433 843 531 909 dubio
549 844 591 908 ad
606 845 705 910 verba
720 839 770 910 ἔτι
787 842 971 929 παλαίτεροι
982 849 1240 916 subaudiendum
1257 858 1320 917 est:

143 967 263 1030 „quam
284 944 404 1011 bellum
416 944 767 1028 Pelloponnesiacum“,
791 955 824 1013 et
839 951 973 1032 respicit
987 957 1092 1016 totum
1116 954 1318 1019 enuntiatum

143 1045 185 1113 τὰ
194 1045 254 1131 γὰρ
266 1044 331 1132 πρὸ
342 1041 451 1113 αὑτῶν
464 1086 502 1097 -
516 1043 701 1132 παλαίιερα
715 1050 757 1115 ad
773 1072 873 1115 unum
882 1053 1036 1135 temporis
1049 1055 1232 1131 terminum,
1248 1056 1317 1122 soil.

143 1149 263 1216 bellum
271 1148 656 1234 Peloponnesiacumita
679 1162 718 1217 ut
739 1152 909 1235 significet,
931 1155 965 1218 id
987 1155 1076 1238 quod
1090 1154 1210 1220 bellum
1225 1156 1318 1224 Pelo·

143 1253 373 1338 pennesiacum
400 1252 565 1317 antecedit
592 1261 626 1318 et
653 1256 741 1337 quod
772 1256 884 1322 eodem
912 1256 997 1322 bello
1026 1257 1124 1323 etiam
1154 1259 1319 1341 antiquius

144 1365 201 1420 est.
246 1353 435 1437 Significant
450 1354 550 1436 igitur
560 1356 707 1439 Gregorii
729 1357 828 1423 verba
842 1378 904 1423 non
928 1360 980 1437 (ut
1002 1362 1090 1443 apud
1099 1358 1319 1445 Thucydidem

143 1461 207 1543 est)
238 1457 320 1522 duas
341 1457 497 1540 temperis
518 1458 676 1540 periodos,
710 1459 766 1523 sed
791 1461 823 1523 in
848 1461 1032 1527 universum
1052 1469 1156 1528 totum
1178 1471 1317 1550 tempus,

143 1558 231 1643 quod
263 1558 383 1625 bellum
418 1560 592 1626 antecedit.
653 1561 697 1625 At
736 1562 876 1645 primum
904 1564 1035 1646 quidem
1065 1574 1212 1649 apparet,
1248 1575 1318 1634 tum

142 1656 194 1728 ἔτι
216 1657 400 1747 παλαίτεροι
422 1662 570 1728 additum
594 1664 636 1727 ad
658 1658 700 1726 τὰ
723 1658 788 1745 apd
813 1656 920 1728 αὑτῶν
942 1687 1074 1749 prorsus
1104 1688 1174 1734 esse
1203 1689 1318 1754 super·

142 1785 327 1842 vacaneum,
351 1784 455 1848 neque
485 1764 536 1829 his
565 1764 671 1830 verbis
698 1766 770 1830 novi
801 1766 979 1850 quidquam
1010 1768 1128 1847 afferri,
1158 1770 1318 1853 siquidem

141 1860 183 1932 τὰ
208 1862 273 1952 πρὸ
294 1870 360 1930 τῶν
382 1866 697 1953 πελοποννφσιακῶν
720 1868 817 1932 etiam
833 1863 1018 1951 παλαίτερα
1040 1863 1147 1935 αὑτῶν
1169 1893 1239 1938 osse
1261 1876 1316 1939 de·

142 1970 230 2035 bent.
273 1969 399 2034 Deinde
421 1976 540 2048 autem,
564 1970 643 2052 quid
665 1964 715 2034 ἔτι
737 1970 798 2034 sibi
822 1970 909 2049 velit,
931 1971 1019 2037 nullo
1041 1974 1136 2038 modo
1158 1975 1319 2058 intehegi·

142 2080 206 2150 tur,
229 2092 302 2138 cum
324 2070 370 2136 nil
392 2071 481 2138 aliud
505 2080 786 2137 commemoratum
810 2074 854 2137 sit
867 2074 1034 2156 antiquius
1056 2075 1140 2141 bello
1158 2076 1317 2162 Pelopon-

142 2177 283 2254 nesiaco,
315 2175 377 2240 hoo
406 2181 514 2240 autem
546 2174 665 2239 bellum
692 2176 797 2258 ipsum
829 2176 884 2260 (ad
912 2175 1000 2259 quod
1031 2177 1133 2242 solum
1163 2174 1212 2244 ἔτι
1241 2180 1320 2246 παλ.

140 2279 302 2363 respicere
330 2277 449 2362 possit)
485 2279 654 2360 antiquum
685 2298 754 2343 esse
785 2279 850 2344 dici
878 2287 1028 2362 nequeat.
1072 2280 1157 2364 Ergo
1188 2283 1314 2366 aliquid

140 2389 423 2448 commemoratum
445 2381 489 2445 sit
510 2387 640 2463 oportet
660 2381 745 2446 bello
756 2380 1028 2464 Peloponnesiaco
1050 2384 1225 2467 antiquius,
1250 2409 1314 2471 quo

140 2478 190 2550 ἔτι
221 2483 300 2548 παλ.
333 2483 494 2567 respicere
523 2484 636 2566 possit.
690 2484 783 2562 Quod
814 2505 886 2549 cum
913 2486 1001 2568 apud
1031 2484 1222 2569 Gregorium
1250 2509 1313 2554 non

141 2592 435 2664 commemoratum,
459 2593 740 2651 commemoratum
756 2587 800 2651 sit
813 2586 901 2669 apud
916 2586 1146 2671 Thucydidem,
1168 2598 1314 2674 apparet,

140 2690 288 2774 Gregorii
310 2688 506 2772 scripturam
528 2696 650 2753 rectam
675 2709 828 2755 essenon
850 2708 953 2772 posse,
981 2691 1039 2754 sed
1060 2689 1182 2756 librarii
1206 2713 1315 2760 errore

140 2817 180 2860 ex
208 2792 407 2878 Thucydidis
447 2793 612 2875 scriptura
652 2812 721 2857 esse
761 2797 957 2876 corruptam.
1015 2791 1182 2877 Quamque
1223 2802 1315 2862 vetus

139 2898 183 2964 sit
211 2897 273 2962 hoc
301 2896 414 2961 vitium
448 2916 488 2960 ex
514 2895 644 2979 Dionys.
673 2893 745 2960 Hal.
776 2895 994 2976 cognoscitur,
1028 2895 1086 2978 qui
1115 2903 1148 2962 et
1176 2897 1247 2981 ipse
1273 2895 1315 2962 τὰ

139 2999 262 3066 omittit
284 2997 400 3077 (Sadee
422 3020 452 3082 p.
472 2999 531 3063 133
555 2999 651 3077 [217])
675 2995 732 3060 cfr.
750 2996 960 3061 Wilamowitz
976 2996 1083 3065 Herm.
1106 2997 1169 3064 XII
1190 3021 1221 3083 p.
1243 3001 1314 3068 333.

139 3105 259 3188 Σαφῶς
300 3093 403 3185 εὑρεῖν
442 3097 517 3183 μέν]
561 3102 674 3185 σαφῶς
716 3095 777 3180 μὲν
817 3092 923 3184 εὑρεῖν
960 3098 1051 3164 codd.
1096 3100 1313 3186 Opponuntur

138 3204 225 3269 inter
251 3223 286 3268 se
307 3223 370 3268 non
391 3196 495 3288 εὑρεῖν
516 3210 550 3266 et
579 3201 669 3267 aliud
696 3201 843 3276 verbum,
874 3202 932 3267 sed
959 3198 996 3266 τὸ
1020 3206 1134 3286 σαφῶς
1156 3199 1259 3284 εὑρεῖν
1280 3213 1314 3271 et

138 3298 176 3374 τὸ
200 3303 236 3372 ἑκ
257 3300 435 3392 τεκμηρίων
458 3297 572 3388 εὑρεῖν,
603 3305 657 3382 „id
681 3304 768 3386 quod
790 3311 915 3369 certum
939 3311 988 3369 est
1009 3310 1044 3368 et
1064 3304 1100 3368 id
1120 3307 1207 3388 quod
1229 3308 1312 3373 veri·

137 3410 240 3475 simile
262 3416 347 3474 est“:
381 3428 460 3491 „pro
484 3414 573 3471 certo
606 3407 735 3488 quidem
759 3407 799 3470 de
828 3405 925 3470 rebus
955 3412 1023 3470 tam
1046 3406 1209 3473 veteribus
1230 3410 1311 3474 nihil

137 3512 301 3578 affirmare
323 3529 504 3595 possumus,
526 3510 615 3592 quod
636 3515 744 3574 autem
768 3509 810 3574 ad
833 3509 1020 3574 testimonia
1042 3514 1124 3574 cet“.
1169 3512 1313 3594 Apparet

137 3615 237 3699 igitur
252 3612 423 3698 particulis
444 3609 562 3693 μὲν-δὲ
584 3610 666 3675 nihil
683 3610 788 3676 efferri
805 3632 900 3695 posse
915 3612 977 3676 nisi
1000 3614 1116 3695 σαφῶς
1139 3617 1172 3675 et
1192 3609 1310 3700 τεκμή-

136 3739 199 3800 ρια,
224 3717 351 3784 oodices
372 3715 475 3797 igitur
496 3736 603 3779 veram
626 3713 782 3798 praebere
803 3712 1054 3780 collocationem.
1080 3749 1115 3760 -

221 3837 248 3901 Ι.
271 3837 301 3900 2.
324 3837 389 3922 (16.
415 3835 471 3921 26)
492 3827 605 3916 ἴσχυον
626 3836 776 3918 θαρρεῖν]
798 3835 935 3920 θαρρεῖν
962 3854 1056 3898 cmm.
1079 3831 1171 3897 codd.
1196 3869 1235 3880 -
1258 3833 1310 3897 ln-

135 3938 294 4004 finitivum
316 3940 461 4024 θαρρεῖν,
489 3957 586 4021 quem
613 3937 645 4000 iu
673 3935 762 4000 nullo
789 3944 973 4002 nostrorum
995 3934 1141 4000 codicum
1163 3932 1308 4016 legimus,

136 4062 242 4125 neque
256 4040 401 4124 simplici
424 4038 591 4105 oculorum
615 4059 723 4105 errore
746 4059 785 4103 ex
807 4038 923 4105 ceteris
937 4038 1034 4102 huius
1056 4037 1217 4103 enuntiati
1239 4059 1310 4104 uer·

225 4267 245 4336 ¹)
264 4265 329 4322 Sine
356 4263 443 4318 dubio
472 4279 534 4316 cum
557 4260 747 4316 Herwerdeno
767 4262 918 4331 παλαίτεροι
940 4260 1118 4315 scribendum
1146 4267 1214 4331 erat,
1246 4279 1308 4317 cum

135 4353 324 4423 παλαιότερος,
360 4355 393 4406 ut
429 4369 464 4406 ex
493 4351 665 4420 tragicorum
694 4365 745 4404 usn
773 4353 898 4418 apparet,
933 4348 1102 4419 Thucydidis
1134 4351 1307 4420 temporibus

135 4443 270 4498 usitatum
287 4457 344 4496 non
362 4439 456 4495 fuerit.
