2932 4770
678 249 850 363 45,

114 458 188 507 eum
208 439 243 506 iu
265 436 349 506 libro
371 429 506 520 errasse,
528 440 679 524 quoniam
702 461 741 506 ex
763 441 916 507 memoria
939 439 1041 508 citare
1062 437 1199 521 ridetur,
1222 457 1288 524 qua

114 544 155 610 de
176 564 212 608 re
234 542 275 611 of.
297 541 523 608 Wilamouitz:
547 564 644 610 curae
665 543 784 610 Thucc.
807 566 838 628 p.
862 546 879 609 7
903 545 976 612 adn.
1002 547 1029 610 1.
1073 544 1171 610 Haud
1192 545 1287 610 aliter

115 645 310 710 censendum
334 651 383 709 est
406 644 446 709 de
468 644 565 710 schol.
588 645 641 712 Ar.
664 645 720 712 Av.
746 646 828 712 1569
849 650 966 712 τοῦτον
989 644 1025 712 δὲ
1046 643 1103 711 τὸυ
1124 653 1288 712 Λαισπο-

115 742 191 812 δίαυ
211 746 268 811 καὶ
290 742 509 832 στρατηγῆσαί
528 767 610 833 φησι
629 743 829 835 Θουκυδίδης
850 745 884 813 δυ
905 747 943 835 η’.
987 749 1177 814 Duebnerus
1192 756 1288 833 putat

114 851 275 932 respicere
296 846 502 913 scholiastam
525 850 568 913 ad
589 849 674 928 VllI,
698 851 747 928 86,
771 849 862 930 falso,
886 853 963 935 quia
984 851 1137 917 hocloco
1159 872 1223 916 non
1248 853 1288 916 de

115 951 199 1016 duce
222 951 280 1015 sed
302 951 342 1015 de
363 949 473 1032 legato
495 950 678 1034 Laespodia
708 951 835 1018 dicitur.
879 952 1024 1037 Respicit
1046 952 1223 1018 scholiasta
1245 955 1289 1018 ad

114 1051 169 1129 VI,
195 1051 265 1130 105,
288 1050 345 1127 ubi
364 1052 613 1136 Epidauriorum
636 1073 732 1136 agros
746 1053 926 1137 Laespodia
948 1055 1030 1119 duce
1051 1061 1196 1120 vastatos
1219 1075 1288 1120 esse

116 1160 393 1219 commemoratur.
436 1153 567 1220 Erravit
587 1155 688 1236 igitur
714 1154 889 1220 scholiasta
910 1159 943 1220 in
971 1155 1113 1234 numero,
1145 1157 1179 1221 id
1201 1158 1288 1240 quod

114 1257 181 1321 iam
203 1261 279 1320 ante
303 1275 355 1318 me
374 1261 464 1321 recte
485 1257 610 1320 monuit
630 1256 666 1321 E.
688 1255 848 1322 Brandes:
877 1258 967 1323 Obss.
991 1260 1076 1324 critt.
1100 1259 1139 1324 de
1163 1280 1287 1324 comoe-

116 1358 243 1423 diarum
275 1356 401 1439 aliquot
431 1358 606 1423 attiearum
636 1357 837 1442 temporibus
869 1358 1024 1442 (Rostock
1050 1361 1146 1444 1886)
1180 1382 1213 1443 p.
1236 1360 1287 1429 36.

115 1460 205 1524 Idem
227 1460 386 1524 commisit
408 1461 505 1524 etiam
528 1459 626 1526 schol.
649 1460 781 1527 Aristid.
804 1460 874 1544 (111,
897 1462 969 1539 458,
993 1461 1137 1545 3Dind.)
1160 1461 1288 1547 Thucy-

117 1562 203 1626 didis
225 1562 310 1625 enim
332 1561 431 1626 verba
454 1562 493 1639 (Ι,
517 1562 557 1627 87
580 1583 610 1646 p.
633 1563 684 1640 65,
710 1564 765 1647 12)
788 1558 993 1648 ἐπεψήφιζον
1016 1600 1054 1610 -
1073 1563 1289 1646 Λακεδαιμο-

116 1659 193 1728 υίωυ
212 1662 356 1727 referens
378 1663 486 1728 addit:
508 1659 564 1727 καί
583 1659 783 1750 Θουκυδίδης
803 1661 837 1728 ἐν
859 1669 899 1749 τῇ
920 1660 1068 1753 τετάρτῃ,
1091 1687 1288 1750 quamquam

117 1765 231 1832 codD
255 1765 380 1849 (Dind.)
403 1771 492 1830 recte
516 1765 647 1831 exhibet
669 1764 703 1831 ἐν
725 1771 766 1853 τῇ
787 1759 922 1852 πρώτη·
942 1767 1091 1850 idemque
1113 1768 1290 1835 scholiasta

117 1868 182 1934 alio
204 1866 275 1932 loco
298 1867 355 1949 (ad
378 1887 424 1932 or.
448 1868 488 1932 de
509 1867 553 1932 IV
576 1869 652 1933 viris
673 1891 704 1952 p.
727 1869 790 1933 520
812 1868 839 1933 Β
861 1868 948 1950 Fre.)
977 1871 1152 1953 respiciens
1173 1871 1216 1935 ad
1236 1891 1289 1936 res

118 1971 160 2035 de
183 1969 369 2054 Corcyraeis
388 1969 457 2053 (IV,
478 1969 536 2054 48)
558 1970 689 2049 relatas,
717 1970 806 2047 dicit,
837 1967 873 2034 ἐκ
895 1973 953 2055 τῆς
973 1967 1084 2056 τρίτης
1105 1975 1289 2058 συγγραφῆς

121 2068 321 2138 Θουκυδίδου
341 2074 439 2136 τοῦτο
460 2065 567 2153 ἔλαβε,
591 2093 688 2154 quem
708 2075 741 2137 in
764 2092 904 2137 errorem
926 2071 1102 2138 scholiasta
1115 2083 1290 2158 propterea

117 2175 255 2240 fortasse
275 2174 400 2253 incidit,
422 2176 510 2258 quod
533 2174 782 2258 Corcyraeorum
811 2173 930 2239 bellum
954 2175 1046 2241 civile
1071 2176 1105 2240 in
1128 2176 1210 2242 libro
1233 2177 1287 2244 III.

118 2283 287 2343 narratum
309 2283 367 2341 est

203 2379 243 2455 Π,
266 2379 316 2443 65.
339 2378 426 2462 (140,
451 2378 507 2464 36)
529 2373 585 2441 καὶ
607 2372 652 2454 ὡς
673 2371 844 2461 ἀσφαλῶς]
873 2373 928 2441 καὶ
951 2370 1110 2464 ἀσφαλῶς
1133 2379 1224 2445 codd.
1247 2417 1289 2426 -

120 2481 171 2546 Ad
193 2480 344 2545 Aristidis
372 2478 488 2556 locum,
519 2478 575 2543 ubi
604 2474 649 2556 ὥς
674 2480 835 2545 invenitur
857 2478 1006 2545 Reiskius
1035 2482 1190 2546 adnotat:
1225 2476 1289 2559 ,ὡς

114 2581 278 2648 interdum
294 2581 392 2646 etiam
406 2581 596 2663 adiungitur
611 2579 773 2645 adverbiis
795 2600 815 2644 a
838 2581 941 2663 gradu
957 2581 1095 2665 positivo
1111 2581 1289 2647 deductis“.

116 2685 250 2750 Accedit
282 2684 367 2748 enim
396 2684 460 2749 hac
491 2683 714 2748 coniunctione
745 2682 859 2746 addita
889 2683 1018 2766 positivi
1047 2683 1095 2748 vis
1123 2704 1224 2767 prope
1246 2685 1289 2749 ad

116 2785 360 2851 similitudinem
382 2785 503 2867 gradus
524 2785 722 2868 superlativi,
745 2785 794 2851 ita
815 2792 854 2849 ut
876 2778 919 2861 ὡς
940 2781 1076 2872 ἀληθῶς
1098 2785 1142 2849 sit
1168 2787 1290 2862 „veris-

116 2889 205 2966 sima
228 2887 288 2951 mit
309 2887 553 2952 entschiedener
576 2887 766 2953 Wahrheit“
789 2887 950 2970 (Krueger
964 2887 1034 2971 Spr.
1059 2887 1109 2965 69,
1133 2888 1174 2952 65
1195 2887 1232 2953 Α.
1257 2888 1289 2966 8)

118 2985 170 3066 ὡς
184 2984 301 3072 ἑτέρως
322 3008 425 3069 „ganz
447 2987 596 3051 anders“.
640 2988 758 3054 Nostro
781 2990 881 3072 igitur
903 2988 972 3054 loco
997 2988 1184 3053 vertendum
1206 2996 1291 3054 esset

120 3111 174 3167 „er
196 3089 306 3153 frihrte
329 3088 401 3151 eine
422 3087 591 3152 massvolle
613 3088 807 3155 Herrschaft
829 3092 896 3154 und
918 3091 1081 3156 bewahrte
1104 3089 1205 3155 daher
1228 3091 1290 3156 den

119 3193 212 3260 Staat
241 3191 274 3252 in
308 3188 539 3270 vollstandiger
573 3189 785 3256 Sicherheit“.
852 3192 991 3257 Dubium
1024 3213 1088 3256 uon
1122 3198 1172 3257 est
1211 3196 1290 3275 quin

118 3291 322 3376 Thucydides
351 3285 395 3367 τίς
416 3282 575 3375 ἀσφαλοῦς
611 3292 751 3356 scribere
783 3296 934 3376 potuerit.
989 3293 1037 3358 Re
1069 3315 1146 3358 vera
1179 3295 1220 3360 ab
1252 3316 1289 3360 eo

117 3400 309 3477 usurpatum
332 3413 402 3457 esse
429 3391 643 3458 demonstrari
674 3395 795 3477 nequit,
826 3417 1023 3478 quamquam
1051 3393 1131 3459 mihi
1159 3396 1290 3477 quidem

118 3504 252 3582 propter
281 3491 405 3577 ἐγένετο
421 3542 428 3558 .
444 3544 477 3559 ..
519 3490 656 3582 μεγίστη
688 3497 921 3580 superlativum
954 3498 1107 3582 (quocum
1135 3496 1290 3583 διεφύλα-

119 3601 170 3682 ξευ
193 3646 200 3663 .
224 3643 264 3662 ..
293 3589 449 3680 ἀσφαλῶς
494 3597 655 3663 artissime
706 3599 965 3682 coniungendum
1007 3600 1070 3683 est)
1119 3601 1299 3667 verisimile·

119 3703 258 3768 videtur.

208 3801 277 3878 141,
303 3801 330 3866 1.
374 3792 429 3862 ἐστ’
450 3790 550 3863 edred
570 3794 722 3885 μεγίστη]
753 3792 804 3865 ἐπ’
828 3797 951 3866 ἐκείνου
972 3797 1110 3888 μεγίστη
1133 3804 1226 3869 codd.
1249 3844 1290 3857 -

119 3908 182 3972 Per
204 3924 239 3969 se
260 3900 415 3967 hocloco
438 3906 471 3965 et
492 3895 613 3979 ἐκεῖνος
634 3906 668 3966 et
688 3894 789 3978 αὐτός
810 3923 984 3986 pronomen
1004 3904 1156 3987 usurpari
1170 3913 1289 3988 potest,

120 4006 289 4093 quaeritur
310 4003 345 4068 id
366 4007 502 4080 tantum,
537 4001 615 4084 quid
643 4002 677 4066 in
706 4002 882 4088 archetypo
910 4004 1067 4087 scriptum
1094 4004 1192 4071 fuisse
1215 4028 1289 4073 cen-

120 4109 255 4177 sendum
276 4106 329 4170 sit.
372 4105 472 4187 Atqui
504 4124 557 4169 res
585 4104 619 4167 in
647 4102 710 4170 hoo
742 4106 849 4188 capite
882 4112 933 4170 est
963 4104 1004 4170 de
1025 4126 1090 4171 uno
1113 4108 1290 4191 eodemque

119 4210 254 4287 Pericle,
276 4207 368 4273 ouius
382 4225 498 4270 nomen
518 4225 583 4270 non
598 4212 875 4284 commemoratur,
897 4207 955 4271 sed
976 4208 1033 4289 qui
1047 4209 1290 4290 pronominibus

120 4320 248 4380 tantum
280 4305 496 4390 significatur:
532 4303 689 4392 ἐπειρᾶτο
721 4312 780 4394 τῆς
807 4302 861 4372 ἐπ’
883 4304 1001 4373 αὐτὸν
1022 4303 1119 4394 ἀργῆς
1140 4308 1290 4392 nequid·

120 4439 169 4483 ειυ
188 4465 193 4477 .
211 4461 242 4478 ..
265 4408 299 4474 ἐν
313 4400 389 4496 ὀργῇ
403 4403 528 4492 &bootes
543 4403 665 4477 αὐτόν
683 4460 690 4475 .
709 4460 717 4478 .
737 4404 760 4500 ἡ
782 4405 930 4499 audoeno
952 4403 1080 4474 abaci
1101 4405 1147 4480 'ee
1162 4405 1225 4466 aba
1249 4399 1338 4479 ucis-x
