2918 4770
732 241 775 306 46

167 427 274 512 tepor.
317 427 397 493 Gum
411 427 511 511 igitur
526 428 643 496 ceteris
660 427 740 495 loeis
755 447 931 512 pronomen
952 417 1053 505 οὗτός
1066 426 1203 511 legatur,
1226 438 1342 500 nostre

169 538 219 598 est
239 525 371 608 ἐκεῖνος.
415 531 478 598 Sed
506 533 649 616 nequis
677 537 810 616 propter
837 529 911 596 illos
935 530 1024 597 locos
1052 538 1157 615 putet,
1190 541 1342 602 nostrum

168 628 292 700 ἐκείνου
314 634 504 700 mutandum
527 655 605 702 esse.
649 634 715 699 Fae
738 634 823 699 enim
842 632 943 698 luisse
971 633 1004 697 in
1027 633 1205 719 archetypo
1226 629 1341 717 αάτοῦ,

168 736 327 818 quomodo
347 736 423 801 indo
445 732 569 802 ἐκείνου
590 743 697 803 ortum
724 756 793 802 esse
813 735 986 819 putemus?
1014 755 1090 800 nam
1118 757 1178 803 nec
1199 739 1341 822 simplici

167 836 293 903 librarii
309 858 418 904 erroro
440 860 479 904 ex
500 831 603 902 αάτοῦ
624 840 702 905 oriri
722 839 831 923 potuit
845 830 976 917 ἐκείνου,
998 857 1060 903 neo
1074 840 1257 922 putandum
1279 849 1342 921 est,

169 946 311 1006 mutasse
332 939 473 1023 aliquem
495 940 536 1005 de
558 941 690 1007 oonsilio
715 935 815 1005 αὐτοῦ
846 940 935 1023 quod
965 944 1035 1004 tam
1067 938 1148 1006 bene
1176 942 1221 1007 ad
1251 942 1342 1010 locos

168 1062 269 1126 supra
301 1045 480 1126 exscriptos
512 1043 654 1126 quadrat
681 1044 715 1107 in
742 1037 875 1120 ἐκείνου,
907 1043 999 1109 ouius
1029 1044 1219 1110 mutationis
1248 1046 1342 1112 nulla

170 1164 269 1211 cansa
289 1151 434 1228 apparet
478 1146 521 1210 At
549 1167 588 1210 ex
614 1140 737 1211 ἐκείνου
765 1147 886 1229 optime
911 1146 1033 1211 mutari
1060 1147 1170 1230 potuit
1194 1138 1298 1212 αάτοῦ
1319 1169 1342 1215 a

168 1247 300 1325 lectore,
333 1248 389 1330 qui
422 1242 520 1324 αάτός
549 1267 723 1331 pronomen
758 1252 791 1312 et
823 1253 921 1313 antea
949 1254 983 1313 et
1010 1255 1126 1331 postea
1146 1255 1341 1332 usurpatum

168 1349 307 1434 legebat.
349 1344 473 1414 ἐκείνου
507 1350 609 1432 igitur
643 1349 676 1413 iu
714 1349 823 1415 codiee
859 1349 1036 1434 archetypo
1071 1349 1171 1415 fuisse
1203 1349 1341 1416 videtur.

170 1451 324 1519 Similiter
355 1453 546 1536 pronomina
574 1459 651 1518 sunt
678 1452 805 1517 ramata
832 1450 857 1528 l,
882 1453 953 1532 132,
975 1453 997 1516 ὁ
1025 1450 1097 1537 (ubi
1124 1451 1164 1518 of.
1195 1451 1341 1519 Olassoni

170 1555 271 1640 adn).

258 1657 330 1732 141,
352 1657 382 1721 2.
426 1653 577 1742 συνέστη]
607 1653 747 1743 κατέστη
769 1656 861 1722 codd.
883 1693 925 1703 -
947 1648 1096 1736 πόλεμον
1118 1651 1342 1724 συνίστασθαι

170 1759 276 1824 minus
289 1757 448 1822 usitatum
464 1763 514 1822 est
528 1779 625 1840 quam
639 1754 873 1824 καθίστασθαι
887 1758 1068 1843 (Οίκσσοοῐ,
1082 1758 1132 1837 15,
1143 1758 1187 1840 2).
1223 1759 1343 1844 Itaque

169 1863 204 1927 iu
226 1860 335 1938 dubio,
359 1859 446 1943 apud
458 1859 678 1945 Thucydidem
694 1861 836 1944 quidem,
857 1861 1104 1945 praeferendum
1125 1862 1231 1927 estid
1252 1863 1343 1946 quod

169 1965 276 2030 rarius
296 1963 467 2042 invenitur,
489 1964 568 2046 quia
588 1963 651 2030 hoo
672 1985 693 2030 a
713 1964 889 2030 lectoribus
903 1970 1062 2029 mutatum
1082 1983 1162 2042 osse,
1184 1965 1343 2030 verisimi-

170 2066 235 2132 lius
257 2071 316 2130 est
360 2064 519 2147 Ceterum,
548 2087 620 2132 oum
642 2066 738 2134 faeilo
760 2072 918 2151 appareat
939 2071 972 2131 et
992 2072 1167 2148 utrumque
1187 2065 1249 2133 h'oe
1269 2066 1343 2134 loeo

172 2167 285 2234 eodem
305 2167 377 2232 iure
398 2175 590 2252 usurpatum
620 2176 655 2235 et
682 2168 821 2234 alterum
848 2189 888 2233 ex
917 2167 1021 2234 altero
1048 2189 1107 2252 per
1134 2168 1344 2235 librariorum

171 2270 409 2355 neglegentiam
441 2275 629 2353 corruptum
662 2289 731 2336 esse
760 2289 864 2353 posse,
904 2276 1028 2336 certum
1064 2269 1146 2335 nihil
1178 2269 1344 2338 affirmare

171 2373 284 2439 audeo.
327 2372 417 2438 ldem
440 2391 555 2438 censeo
582 2371 622 2437 de
644 2371 699 2452 VI,
728 2372 768 2438 16
789 2371 879 2458 (386,
901 2372 968 2458 22),
997 2373 1054 2438 ubi
1080 2371 1179 2439 schol.
1201 2374 1255 2440 Ar.
1276 2394 1345 2459 pax

172 2479 341 2563 προσῆκον
363 2473 495 2541 exhibet
515 2494 575 2558 pro
600 2475 747 2541 codicum
768 2469 937 2560 προσήκει.

259 2579 331 2658 141,
362 2579 415 2645 21.
462 2575 679 2661 Neglegenter
712 2577 898 2644 describens
926 2576 1063 2660 Sopater
1095 2577 1130 2642 in
1158 2578 1345 2644 universum

172 2682 269 2749 huius
300 2681 364 2747 loci
395 2680 505 2747 reddit
535 2681 728 2746 sententiam
757 2679 847 2746 hisee
878 2680 1000 2746 uerbis:
1034 2676 1235 2766 Θουκυδίδης
1264 2677 1345 2764 περὶ

171 2781 370 2867 Περικλέους
390 2780 475 2867 λέγει
497 2777 549 2847 ὅτι
571 2774 683 2847 είττου
704 2774 772 2846 ἴδοι
793 2778 851 2847 τόν
874 2781 976 2866 δῆμον
998 2778 1090 2867 παρὰ
1114 2778 1227 2865 καιρὸν
1248 2776 1343 2868 όβρσι

172 2885 370 2971 θαδροὗντα,
398 2884 498 2968 λέγων
519 2880 740 2969 κατέπληττον
763 2879 822 2947 ἀντί
842 2879 880 2948 τὸ
902 2885 1086 2968 φοβεῖσθαι
1107 2880 1164 2948 καὶ
1189 2879 1345 2948 δεδιότων

172 2976 213 3050 cri
237 2983 339 3052 πόλιν
360 2982 417 3050 τὸν
439 2981 535 3069 λόγον
556 2977 775 3071 ἀντικαθίστη
797 2981 900 3050 πόλιν
927 2981 986 3050 ἐντί
1007 2981 1046 3049 τὸ
1069 2987 1213 3071 θαῤῥεῖν.
1257 2985 1345 3064 Quid

173 3089 235 3155 sibi
256 3089 334 3155 velit
353 3085 411 3153 τὸν
432 3082 531 3171 λόγον
552 3108 616 3153 non
638 3087 848 3172 intellegitur,
870 3088 940 3154 sine
962 3088 1061 3153 dubio
1073 3096 1261 3171 corruptum
1284 3095 1344 3175 est,

173 3213 278 3274 neque
300 3191 334 3255 id
355 3191 489 3256 dubium
511 3211 580 3257 esse
602 3197 720 3273 potest,
741 3192 828 3255 unde
848 3191 892 3255 sit
914 3197 1112 3274 corruptum,
1145 3189 1272 3255 seilicet
1304 3212 1345 3256 ex

173 3289 328 3379 τῷλόγῳ
360 3293 411 3358 vel
442 3295 513 3370 τοῖς
543 3286 660 3376 λόγους,
694 3313 779 3375 quae
808 3293 993 3358 coniectura
1026 3292 1255 3377 comprobatur
1284 3313 1345 3377 per

174 3395 350 3461 Aristidem
372 3394 489 3477 quill,
514 3396 576 3460 119
606 3395 752 3460 exhibet:
786 3388 1003 3481 ἀθυμήσανια
1036 3393 1073 3460 δὲ
1101 3393 1157 3459 καί
1177 3415 1345 3459 ταπεινω-

175 3495 279 3562 θέντα
293 3490 464 3581 ἀναγαγεῖν
486 3482 534 3561 αὖ
556 3500 647 3574 τοῖς
668 3490 809 3579 λόγοις
831 3493 887 3560 καὶ
899 3493 1019 3578 μεστὸν
1034 3492 1179 3562 ἐλπίδων
1193 3500 1344 3583 ποιῆσαι.

175 3599 422 3665 concedendum
444 3600 545 3683 igitur
568 3605 618 3665 est
639 3606 672 3664 et
695 3597 868 3682 Sopatrum
891 3604 925 3663 et
938 3599 1113 3664 Aristidem
1134 3598 1197 3665 hoe
1218 3598 1290 3665 loeo
1310 3601 1345 3665 iu

176 3701 363 3785 Thucydide
376 3701 493 3783 legisse
514 3687 555 3766 αά
577 3704 649 3777 τοῖς
669 3695 786 3783 λόγους.
829 3700 950 3765 Eodem
963 3700 1033 3767 loco
1050 3702 1203 3768 exhibent
1217 3701 1346 3768 codices

176 3792 216 3868 αὗ
240 3798 367 3887 ἀλόγοις
387 3801 437 3867 vel
459 3796 625 3885 ἀναλόγως
647 3802 712 3888 (O).
755 3804 799 3868 At
821 3794 946 3886 ἀλόγως
961 3824 1234 3887 supervacaneum
1255 3804 1346 3869 vide·

175 3912 241 3984 tur,
263 3925 338 3970 nam
360 3901 452 3990 παρὰ
471 3903 585 3987 καιρόν
606 3902 695 3987 qued
708 3903 794 3968 idem
816 3904 978 3988 signifieat
990 3907 1052 3971 teti
1068 3907 1235 3971 enuntiato
1250 3927 1347 3991 prae·

176 4008 326 4092 positum,
359 4025 435 4091 ergo
456 4007 499 4072 ad
522 4014 697 4089 utrumque
717 4006 895 4071 membrum
917 4006 1120 4072 referendum
1150 4015 1217 4074 est:
1253 4005 1346 4094 παρὰ

176 4105 289 4192 καιρὸν
325 4111 530 4192 θαρσοῦντας
567 4116 600 4174 et
635 4104 726 4192 παρὰ
761 4106 873 4192 καιρὸν
909 4105 1065 4186 δεδιότας.
1124 4110 1208 4174 Puto
1244 4110 1347 4193 igitur

177 4205 304 4294 ἀλόγως
319 4231 358 4276 ex
372 4209 436 4277 alio
450 4209 605 4277 uocabulo
621 4217 809 4294 corruptum
824 4230 901 4277 esse.
945 4211 1038 4289 Quod
1052 4212 1140 4277 alind
1155 4211 1347 4278 vocabulum

178 4313 364 4397 respicienti
390 4313 471 4379 mihi
496 4314 540 4378 ad
562 4313 734 4397 Sopatrum
760 4320 794 4380 et
814 4312 988 4379 Aristidem
1014 4315 1085 4392 τοῖς
1112 4310 1222 4400 λόγοις
1247 4313 1347 4381 fuisse

179 4414 316 4495 ridetur,
338 4415 426 4502 qued
440 4408 552 4504 λόγους
573 4415 616 4484 ad
637 4413 738 4503 λόγων
759 4416 917 4505 inpriore
938 4419 1080 4487 membro
1094 4418 1174 4486 bene
1196 4417 1347 4504 quadrat
