2918 4770
720 275 761 338 ot

150 481 237 544 quae
260 461 303 525 ad
326 463 467 543 ipsorum
492 461 693 526 commodum
723 467 872 542 spectant
893 468 1092 538 moveantur,
1125 462 1329 548 Thucydides

151 569 263 626 nostro
295 561 366 626 loco
399 563 495 626 huius
528 569 656 626 tantum
690 563 817 644 generis
849 562 999 626 attulisse
1029 564 1158 628 videtur
1189 586 1328 632 causam.

151 663 318 727 Postremo
356 671 464 728 autem
500 664 582 728 haee
603 663 757 728 Brasidae
794 664 871 727 belli
905 665 1036 746 gerendi
1079 685 1176 730 causa
1207 669 1328 749 optime

152 766 293 848 quadrat
314 767 358 830 ad
378 766 452 830 illas
474 786 586 829 causas
608 765 685 830 belli
709 767 841 847 gerendi
869 767 918 830 vel
939 769 1030 849 pacis
1052 766 1218 831 faciendae
1241 776 1328 834 cete-

150 887 261 931 rorum
293 868 467 944 homiuum,
504 869 560 949 qui
601 867 712 930 eodem
746 867 816 931 loco
851 875 1151 946 commemorantur,
1189 867 1326 950 Cleonis,

151 969 272 1045 Niciae,
295 969 532 1044 Plistoanactis,
563 970 619 1050 qui
642 968 772 1050 quidem
794 969 900 1032 omnia
921 969 964 1032 ad
985 970 1130 1051 ipsorum
1151 970 1326 1036 utilitatem

152 1079 185 1138 et
207 1073 405 1137 commodum
441 1071 595 1136 referunt.
641 1068 760 1133 Similis
792 1071 892 1151 igitur
926 1077 1012 1135 certe
1041 1069 1196 1136 Brasidae
1229 1093 1326 1138 causa

152 1195 221 1238 esse
243 1174 348 1238 debet.
393 1172 463 1250 Quo
486 1174 588 1254 magis
604 1170 813 1246 censebimus,
838 1171 967 1234 delendi
989 1171 1070 1241 haec
1091 1173 1192 1238 verba
1205 1174 1326 1240 nullam

151 1295 220 1339 esse
244 1294 382 1338 causam.
426 1275 507 1338 Tum
530 1282 639 1337 autem
661 1278 799 1353 apparet
821 1275 918 1336 etiam
949 1273 1056 1351 verba,
1089 1295 1173 1355 quae
1202 1276 1244 1340 ab
1273 1276 1325 1342 his

149 1377 275 1458 seiungi
296 1374 384 1439 nullo
398 1375 492 1439 modo
514 1379 659 1458 possunt,
682 1373 805 1437 scilicet
828 1395 866 1436 ea
888 1394 971 1455 quae
993 1374 1035 1437 de
1048 1373 1182 1454 Cleonis,
1204 1375 1326 1454 Niciae,

147 1477 375 1543 Plistoauactis
395 1478 487 1559 pacis
520 1476 571 1540 vel
592 1474 667 1538 belli
690 1475 798 1538 studio
820 1473 903 1539 fiunt
936 1496 1000 1538 non
1022 1495 1092 1540 esse
1113 1476 1259 1543 delenda.
1281 1516 1324 1526 —

149 1579 312 1662 Reliquos,
338 1580 370 1642 in
394 1577 511 1660 quibus
527 1577 679 1658 Steupius
702 1575 843 1652 offendit,
865 1575 952 1640 locos
974 1578 1158 1645 accuratius
1180 1586 1324 1646 tractare

149 1682 228 1746 mihi
256 1702 319 1745 non
347 1687 396 1744 est
422 1681 454 1741 in
484 1679 601 1754 animo,
637 1676 694 1740 sed
730 1677 825 1740 etiam
857 1678 891 1740 in
920 1677 985 1742 illis
1013 1679 1177 1745 observari
1204 1688 1322 1764 potest,

148 1783 317 1864 Steupium
347 1783 379 1844 in
424 1778 672 1845 difficultatibus
704 1778 899 1860 indagandis
940 1800 1037 1863 saepe
1081 1782 1175 1846 nimis
1210 1791 1324 1866 argute

144 1886 320 1970 procedere
341 1890 374 1947 et
397 1880 568 1945 nonnullos
591 1900 671 1962 quos
694 1887 790 1962 putat
814 1889 984 1964 corruptos
1006 1883 1093 1947 locos
1115 1905 1227 1948 revera
1249 1883 1323 1950 nul·

145 1987 209 2050 lam
231 2008 289 2050 nec
311 1984 439 2048 delendi
461 2003 521 2047 neo
544 1980 690 2045 mutandi
712 1981 868 2063 praebere
891 2002 1030 2046 causam.

229 2121 301 2184 Jam
336 2140 408 2182 cum
438 2117 479 2181 ad
510 2115 607 2178 finem
639 2117 735 2180 huius
769 2117 1044 2181 commentationis
1072 2121 1321 2201 pervenerimus,

145 2224 304 2288 conducat
325 2222 465 2284 breviter
496 2225 626 2281 enotare
660 2237 714 2281 eos
740 2216 838 2293 locos,
871 2218 988 2300 quibus
1021 2219 1201 2284 chkkcri
1228 2230 1321 2289 textu

143 2324 358 2389 recedendum
381 2342 450 2384 esse
473 2320 603 2403 putavi:

228 2458 257 2535 I,
278 2460 308 2523 5.
331 2457 397 2539 (18,
420 2455 476 2536 24)
498 2450 555 2518 καὶ
576 2455 669 2534 μέχρι
695 2491 732 2498 -
755 2444 895 2538 ἤπειρον
923 2456 992 2537 (27)
1016 2454 1117 2518 deleo

231 2562 259 2624 6.
283 2558 348 2640 (18,
372 2557 428 2640 33)
451 2557 536 2619 inter
558 2551 717 2636 νεμόμενα
739 2561 773 2618 et
793 2558 858 2617 τῶν
872 2556 1043 2638 interpono
1066 2576 1105 2619 ex
1122 2577 1147 2621 c.
1161 2556 1185 2634 I,
1208 2557 1229 2620 5
1252 2559 1318 2643 (18,

141 2665 200 2747 26)
224 2659 302 2744 περί
320 2683 356 2723 τε
379 2696 418 2705 -
442 2649 584 2775 ἤπειρον
604 2657 685 2737 (27).
1339 2665 1341 2671 ·

228 2766 257 2831 6.
280 2763 347 2843 (19,
369 2762 404 2841 2)
429 2756 484 2822 διὰ
504 2756 542 2820 τὸ
565 2749 778 2839 ἁβροδίαιτον
801 2757 903 2822 deleo

227 2866 256 2928 6.
279 2865 293 2947 (
315 2866 345 2940 9,
368 2865 404 2946 4)
428 2856 620 2938 συναναδυύρ
622 2881 701 2922 revoc
723 2880 783 2941 pro
805 2851 926 2923 ἆνα6ου’
927 2881 1029 2938 ρ.ιενοι

227 2967 292 3049 8.(
316 2967 345 3042 9,
369 2966 425 3046 34)
449 2956 722 3040 ουντεθαμμένων
745 2982 805 3043 pro
828 2965 984 3039 συντεθαρ
972 2959 1086 3048 μμένη

297 2866 311 2925 1

297 2968 312 3029 1

223 3069 273 3133 32.
296 3068 492 3150 (34,10)ω
479 3055 627 3143 ἄνδρες
644 3056 820 3147 Ἀθηναῖοι
841 3083 902 3144 pro
925 3052 952 3125 ὦ
973 3057 1159 3148 Ἀθηναῖοι.

225 3169 365 3247 33736,
390 3069 464 3288 22)υ
468 3189 504 3230 τε
526 3168 632 3228 insero
631 3171 730 3283 post
751 3162 953 3240 δυναμένους.

225 3271 363 3352 70.(55,
387 3261 454 3351 3)‘
443 3257 464 3328 ci
486 3259 525 3328 dv
547 3287 608 3348 pro
630 3255 649 3327 6
673 3288 721 3328 αν.

245 3371 361 3451 5.(,58
384 3357 509 3452 29)α’ξ
508 3390 553 3430 ιοι
490 3361 772 3447 ξ6υκοῦμεν
756 3368 832 3444 υμῖν
853 3387 913 3447 pro
936 3359 1061 3444 6ξιοί’
1045 3389 1151 3446 ευμεν.

225 3472 365 3553 (961
389 3473 423 3549 3)
413 3466 522 3555 )6ι’κη
545 3462 742 3531 6ιαλ6εσ9αι
764 3487 824 3548 pro
846 3461 920 3550 δίκη
942 3462 1092 3530 λύεσθαι.

226 3573 296 3636 115
319 3572 384 3654 (80,
407 3572 441 3654 5)
465 3569 604 3652 Μέγαρα
626 3565 680 3628 καὶ
703 3573 780 3630 ante
803 3563 946 3629 Νίσαιαν
967 3567 1060 3631 addo.

137 3772 285 3861 χρήματά
306 3771 396 3838 ἐστιν
418 3763 542 3846 αὐτοῖς.

223 3901 263 3978 ΙΙ,
287 3903 316 3965 7.
340 3898 428 3983 (105,
452 3900 507 3980 36)
531 3889 592 3982 ἤδη
614 3897 721 3958 insero
743 3900 819 3977 post
838 3892 1025 3974 λελυμένων.

225 4004 273 4066 l2.
297 4002 385 4084 (109,
408 4001 465 4083 27)
489 3999 621 4062 πολλῶν
642 3993 698 4059 καὶ
719 4003 795 4060 ante
817 3993 964 4080 μεγάλων
986 3995 1081 4060 addo.

221 4104 272 4167 35.
297 4102 385 4185 (122,
409 4102 462 4181 17)
486 4092 546 4183 ἤδη
568 4092 742 4182 εἰρηκότων
763 4118 823 4179 pro
845 4090 1018 4180 εἰρηκότων
1040 4089 1111 4181 ἤδη.

221 4204 272 4270 39.
297 4203 384 4286 (124,
408 4201 464 4283 21)
491 4193 552 4262 οὐκ
579 4194 669 4264 ἔστιν
698 4193 791 4273 ὅπως
817 4191 1015 4279 οἷπείργομεν
1041 4218 1100 4280 pro
1130 4193 1190 4260 oda
1219 4185 1308 4265 ἔστιν

135 4301 191 4371 ὅτε
212 4300 416 4391 ξενηλασίαις
438 4295 644 4384 ἀπείργυμεν.

218 4408 269 4472 49.
293 4405 379 4487 (130,
402 4404 458 4485 27)
481 4397 567 4470 ἔστω
589 4423 651 4488 pro
673 4392 868 4488 ἀνέστρεφε.
