2918 4770
700 236 742 302 28

135 421 319 487 Herodotus
341 421 376 503 (Ι,
402 421 475 501 171)
503 428 536 487 ct
565 422 662 488 schol.
686 432 795 491 nostro
818 425 895 491 loco.
942 426 1040 492 Verto
1061 427 1177 511 igiturz
1211 450 1309 507 „man

136 523 293 588 erkannto
319 525 372 589 die
394 522 498 590 Karcr
527 547 569 590 an
599 525 657 590 der
686 528 979 611 eigenthiimlichen
1004 529 1190 614 aniistnng
1217 517 1311 596 ihrer

137 625 290 691 Waffem‘.
347 627 421 693 Jam
448 634 586 712 apparet
608 628 857 718 συντεθαμμὲνῃ
894 631 1010 698 falsum
1044 653 1112 698 csse
1146 639 1310 716 oportere,

137 730 215 812 quia
226 731 355 795 dativus
370 731 433 795 nisi
455 731 497 795 ad
520 733 619 818 σκευῇ
632 732 746 797 referri
769 753 832 798 non
847 740 964 818 potest,
987 734 1192 820 Thucydides
1206 736 1312 819 igitur

137 833 276 898 diceret:
308 832 606 916 „cognoscebantur
633 856 672 898 cx
693 833 808 901 habitu
835 857 998 902 armorum
1027 857 1164 921 quocum
1187 824 1311 922 sepulti

138 943 263 1014 craut“,
285 935 371 1020 quod
394 936 539 1019 ineptum
562 944 655 1015 esset,
679 959 781 1021 nequo
804 941 887 1003 enim
910 939 1042 1005 habitus
1057 960 1229 1018 armorum,
1252 940 1312 1005 sed

137 1058 228 1104 arma
256 1038 329 1121 ipsa
351 1059 424 1102 cum
446 1037 581 1103 Caribus
603 1039 849 1123 sepeliebantur.
893 1041 1004 1126 Neque
1026 1063 1101 1109 vcro
1123 1047 1313 1124 constap-

137 1136 230 1224 μένοι
262 1147 387 1205 rectum
420 1159 489 1205 esso
517 1147 635 1223 potest,
668 1148 706 1206 ut
733 1142 879 1227 Krueger
910 1145 1004 1225 (Hist.
1026 1144 1107 1230 phil.
1129 1143 1243 1210 Studd.
1270 1145 1312 1222 ΙΙ,

138 1243 212 1325 206)
243 1250 332 1307 recte
354 1244 486 1326 exponit
507 1250 540 1308 et
573 1265 659 1308 nunc
692 1245 840 1311 omuibus
862 1268 1052 1330 persuasum
1086 1255 1144 1313 est.
1193 1248 1312 1314 Restat

138 1346 238 1427 igitur
260 1343 542 1426 ovaceuappa'vov,
564 1367 648 1429 quae
670 1348 833 1430 scriptura
855 1349 925 1416 sola
945 1357 1070 1415 rectum
1091 1351 1159 1414 nihi
1181 1351 1313 1416 videtur

138 1448 312 1532 praebere:
347 1448 626 1533 „agnoscebantur
659 1469 698 1514 ex
735 1450 849 1516 habitu
885 1472 1047 1517 armorum
1076 1473 1142 1518 una
1169 1475 1242 1519 cnm
1271 1454 1312 1519 iis

138 1552 368 1634 sepultornm“.

225 1709 248 1773 Ι.
271 1709 299 1772 9.
331 1708 392 1788 (20,
418 1709 468 1790 16)
500 1710 568 1773 τῶν
598 1706 766 1796 προτέρων
798 1706 973 1793 (πρότερον
1003 1711 1118 1794 Μοιι.)]
1152 1705 1313 1796 πρότερον

141 1812 233 1878 codd.
277 1811 362 1878 Utra
391 1813 554 1895 scriptura
569 1812 707 1877 oriunda
728 1814 771 1878 sit
793 1835 813 1878 a
837 1813 1024 1898 Thucydide
1053 1813 1231 1897 disceptari
1246 1833 1312 1879 nou

141 1922 257 1999 potest,
289 1915 367 1998 quia
396 1922 570 1999 utrumque
598 1915 710 1980 eodem
745 1917 815 1980 iure
854 1916 992 1992 dicitur,
1018 1915 1171 2000 perfacile
1201 1922 1313 1981 antem

141 2018 280 2084 alterum
310 2039 349 2082 ox
378 2018 481 2083 altero
504 2019 581 2082 oriri
602 2019 719 2102 potuit.
762 2018 837 2083 Mea
858 2019 988 2102 quidem
1010 2019 1174 2083 sententia
1203 2025 1237 2084 et
1258 2016 1314 2083 hic

141 2129 175 2186 ct
197 2121 287 2198 alias,
313 2121 370 2186 ubi
399 2132 432 2186 et
459 2121 605 2186 codicum
636 2129 669 2186 et
691 2122 884 2187 scholiastae
908 2123 1071 2205 scriptura
1101 2120 1211 2185 ecdem
1241 2119 1315 2185 iure

142 2223 359 2309 aThucydide
381 2224 518 2288 oriunda
541 2244 610 2288 csse
631 2230 748 2307 potest,
772 2245 876 2307 nequo
900 2245 939 2289 cx
953 2224 1164 2304 grammatica
1176 2223 1314 2298 ratione,

142 2347 246 2409 neque
277 2347 316 2390 ex
346 2346 406 2391 usu
429 2326 635 2411 Thucydideo
663 2328 748 2391 inter
779 2347 833 2392 eas
856 2326 1031 2409 disceptari
1058 2345 1153 2409 posse
1175 2324 1314 2402 videtur,

143 2431 213 2495 sine
242 2429 310 2495 ulla
338 2429 540 2494 dubitatione
566 2431 797 2494 remanendum
827 2437 876 2494 est
904 2429 936 2493 in
967 2429 1113 2493 codicum
1140 2427 1314 2510 scriptura

143 2534 249 2599 Minus
278 2534 377 2614 igitur
405 2532 605 2616 probandum
632 2539 720 2616 puto,
754 2534 842 2616 quod
864 2530 965 2598 Sadde
988 2532 1035 2615 (p.
1060 2531 1121 2595 165
1144 2530 1248 2614 [249])
1271 2530 1316 2594 ad

144 2638 242 2704 Tbue.
267 2637 335 2716 VII,
359 2638 410 2714 70,
432 2637 466 2713 2,
482 2656 541 2720 pro
570 2636 716 2701 codicum
740 2633 907 2719 προτέρων
930 2656 969 2700 ex
991 2634 1122 2717 Dionys.
1144 2630 1217 2697 Hal.
1241 2630 1317 2709 875,

146 2742 185 2806 15
208 2738 366 2825 πρότερον
387 2740 559 2804 restituere
581 2739 659 2803 vult.

232 2901 258 2977 I,
285 2899 332 2963 17.
354 2897 417 2982 (25,
439 2897 488 2978 18)
509 2893 557 2976 εἰς
578 2893 615 2962 τὸ
638 2891 677 2962 τὸ
701 2899 796 2976 σῶμα
816 2891 872 2959 καὶ
893 2889 951 2959 τὸν
971 2886 1058 2958 ἴδιον
1079 2881 1170 2957 οἷκον
1192 2881 1318 2973 abgaro]

147 2995 181 3074 ἒς
202 3023 238 3065 τε
258 2999 297 3066 τὸ
320 3005 413 3086 σῶμα
435 2999 490 3067 καὶ
512 2999 546 3080 ἐς
566 2998 604 3066 τὸ
626 2998 684 3064 τὸν
711 2992 797 3064 ἴδιον
827 2997 919 3063 codd.
964 2994 1131 3061 Sententia
1145 2993 1318 3058 verborum

147 3102 341 3170 scholiastae
365 3106 477 3171 eadem
505 3113 555 3170 est
576 3125 660 3188 quac
689 3103 844 3178 codicum,
874 3099 974 3164 verba
996 3103 1123 3163 tantum
1145 3102 1222 3162 sunt
1243 3095 1319 3161 alia.

149 3207 255 3290 Atque
284 3209 370 3291 quod
401 3210 539 3292 primum
566 3208 607 3272 ad
636 3201 732 3270 τετὸ
755 3207 851 3285 σῶμα
880 3209 913 3267 ct
938 3198 976 3265 τὸ
998 3198 1036 3264 τὸ
1061 3203 1156 3280 σῶμα
1187 3199 1318 3275 attinet,

149 3317 285 3386 constat,
321 3311 420 3375 talem
449 3311 672 3394 repetitionem
702 3307 842 3372 ciusdem
872 3305 1002 3369 articuli
1036 3303 1158 3367 formae
1188 3323 1227 3365 ex
1256 3320 1320 3365 usu

149 3423 247 3500 atque
269 3435 415 3481 sermono
437 3433 552 3496 graeco
575 3433 636 3477 non
660 3411 768 3486 fuisse,
791 3408 938 3492 inprimis
962 3428 1001 3470 ex
1015 3404 1159 3470 Platonis
1172 3424 1321 3469 sermone

149 3520 277 3602 saepius
292 3517 548 3582 demonstratum
569 3521 627 3593 cst,
651 3518 677 3579 si
701 3514 812 3579 eadem
828 3508 958 3576 articuli
981 3508 1084 3574 forma
1104 3507 1155 3572 bis
1170 3505 1321 3590 ponenda

149 3623 272 3698 fuisset,
300 3641 412 3685 rovora
437 3640 531 3682 unam
554 3624 681 3682 tantum
705 3636 774 3681 esse
796 3617 994 3695 usurpatam.
1036 3609 1153 3692 Itaque
1175 3607 1320 3672 dubitari

150 3747 213 3790 non
236 3724 343 3802 debet,
374 3722 451 3805 quin
480 3716 517 3784 τὸ
540 3718 578 3782 τὸ
609 3719 696 3784 facili
727 3716 852 3782 librarii
875 3734 984 3779 errore
1006 3718 1192 3795 corruptum
1215 3711 1258 3775 sit
1280 3730 1322 3773 ex

150 3851 185 3890 τε
207 3817 257 3891 τό.
301 3825 424 3889 Deinde
446 3823 620 3888 scholiasta
634 3822 773 3886 alterum
795 3814 829 3896 ἐς
850 3811 888 3881 τό
911 3823 986 3899 post
1006 3811 1062 3878 καὶ
1078 3813 1208 3890 omittit,
1232 3811 1321 3895 quod

150 3951 186 3994 re
208 3949 284 3993 vera
305 3926 394 3991 hand
417 3926 464 3990 ita
486 3926 702 3990 necessarium
721 3921 858 3987 videtur.
902 3918 963 3984 Sed
993 3923 1128 4000 propter
1153 3917 1187 3981 id
1213 3917 1321 3999 ipsum

151 4032 237 4116 qnod
266 4038 335 4095 tam
356 4029 470 4113 paucis
499 4028 604 4093 verbis
633 4034 710 4092 ante
738 4025 824 4089 idem
847 4019 880 4098 ἐς
901 4018 938 4085 τὸ
960 4025 1153 4103 usurpatum
1174 4017 1321 4101 legimus,

152 4135 306 4203 credibile
320 4155 382 4199 non
406 4139 464 4211 est,
490 4153 511 4196 a
530 4131 652 4197 lectore
674 4150 743 4194 esse
765 4126 948 4211 repetitum.
993 4123 1167 4187 Praeterea
1188 4127 1323 4204 propter

152 4235 190 4303 ad
214 4235 269 4303 τὸν
292 4236 493 4320 ineleganter
514 4235 664 4318 positum,
687 4232 833 4297 codicum
856 4228 1018 4310 scriptura
1039 4225 1142 4307 magis
1160 4222 1322 4306 Thucydi-

153 4345 215 4408 dea
246 4342 385 4408 videtur.
445 4339 585 4404 Adamat
621 4336 703 4401 enim
737 4331 942 4416 Thucydides
983 4325 1207 4410 cacophonias,
1240 4343 1324 4407 quas

153 4465 313 4525 vocamus,
340 4445 452 4527 itaque
475 4442 539 4506 iam
560 4440 747 4523 Kruegerus
766 4436 886 4501 formas
909 4431 1048 4514 collegit,
1070 4428 1183 4513 quales
1204 4424 1323 4494 ἐπεσε-
