2918 4770
599 230 603 235 ·
709 201 752 273 50

144 392 230 477 „und
250 394 294 462 da
315 417 382 462 nnn
403 415 462 480 gar
484 393 638 462 Brasidas
666 395 740 461 todt
760 399 857 461 war“.
902 392 950 458 Zu
972 389 997 468 I,
1019 392 1050 470 2,
1071 393 1091 457 2
1112 387 1169 457 acl
1190 383 1314 473 ἀτειχί-

143 521 229 566 στων
251 493 321 580 ἅμα
343 487 478 562 irruat
524 497 586 564 Sed
608 496 696 562 hunc
717 496 823 562 locum
856 517 928 561 cum
957 495 1012 560 illo
1039 496 1079 560 de
1102 516 1166 578 quo
1188 499 1315 579 agimus

143 600 281 668 conferri
302 622 364 665 non
387 620 482 685 posse
504 607 652 683 apparet,
684 598 853 684 paululum
884 599 968 664 enim
991 598 1086 663 aliter
1109 606 1315 682 comparatus

144 711 202 780 est,
233 703 357 769 scilicet
383 705 461 786 qnia
488 703 621 768 tertium
649 701 841 768 vocabulum
869 702 955 766 inter
983 697 1039 764 καὶ
1061 708 1095 766 et
1115 696 1184 784 ἅμα
1212 704 1314 769 inter-

142 808 284 891 positum
313 813 371 883 est,
409 827 475 889 qua
507 804 717 870 collocatione
746 803 833 868 illius
863 803 1009 868 vocabuli
1037 804 1222 888 interpositi
1250 808 1315 872 rim

143 911 255 991 angeri
284 909 337 973 vix
367 913 477 991 potest
509 907 629 990 negari.
682 906 813 972 Ceteros
846 913 956 970 autem
987 904 1200 988 perlustranti
1236 909 1315 975 mihi

142 1012 238 1089 locos,
262 1010 380 1093 quihus
395 1007 451 1074 καὶ
471 1004 540 1090 ἅμα
561 1009 650 1074 nullo
671 1008 735 1074 alio
757 1006 912 1074 vocabulo
934 1007 1125 1090 interposito
1137 1019 1316 1094 usurpatur

143 1116 303 1198 (quosque
333 1111 463 1194 collegit
484 1110 606 1176 Betant
627 1131 652 1178 s.
674 1134 703 1178 v.
725 1105 808 1197 ἅμα)
839 1130 901 1174 non
928 1109 1030 1186 video,
1062 1131 1122 1176 nec
1149 1113 1205 1195 qui
1234 1112 1316 1180 haec

143 1217 243 1282 verba
263 1214 405 1289 minoris,
435 1234 495 1277 nec
527 1214 583 1296 qni
606 1214 736 1279 maioris
759 1212 911 1278 momenti
934 1209 1049 1276 afferre
1069 1215 1194 1295 possint
1215 1236 1316 1281 mem·

144 1319 247 1385 hrum.
292 1317 354 1383 Sed
370 1317 448 1381 mihi
459 1335 649 1399 persuasum
672 1323 730 1394 est,
754 1315 804 1379 his
826 1313 989 1379 vocabulis
1011 1313 1092 1379 nihil
1107 1315 1196 1381 aliud
1217 1319 1316 1402 signi-

144 1421 235 1487 ficari
258 1440 362 1503 posse,
384 1419 447 1483 nisi
469 1419 556 1501 quod
578 1425 688 1483 nostro
709 1416 798 1496 „und
821 1415 999 1499 zuglcich“,
1032 1416 1156 1484 scilicet
1177 1419 1316 1486 alterum

145 1529 370 1606 argumentum
391 1520 488 1604 plane
511 1521 652 1585 eiusdem
684 1539 753 1584 esse
775 1520 927 1583 momenti
950 1526 1049 1602 atquo
1070 1522 1169 1603 prius.
1213 1523 1317 1589 Aliter

146 1626 284 1710 (utiam
306 1623 389 1708 dixi)
412 1622 608 1688 censendum
630 1621 758 1687 ridetur
780 1621 820 1686 da
842 1621 882 1684 iis
904 1619 992 1698 locis,
1019 1621 1085 1698 uhi,
1119 1623 1161 1689 ad
1183 1627 1317 1691 tertium

147 1726 338 1794 vocabulum
366 1724 571 1801 efferendum,
600 1725 818 1807 interponitur
845 1722 907 1787 hoc
935 1722 1127 1790 vocabulum
1154 1727 1240 1793 inter
1261 1727 1316 1793 καὶ

147 1838 181 1894 et
201 1823 277 1911 ἅμα.
300 1864 339 1876 -
361 1827 425 1892 Sed
439 1826 577 1892 alterum
592 1825 857 1908 quoqueSteupii
873 1831 1098 1907 argumentum
1120 1828 1201 1893 nihil
1222 1831 1318 1897 valet.

146 1930 241 1996 Unde
263 1931 347 1994 euim
369 1930 431 1994 scit
452 1928 614 2012 Steupiua
635 1929 700 1993 iam
724 1933 821 1993 antea
841 1926 1044 2011 Rhamphiae
1064 1928 1155 1994 illum
1176 1931 1217 1997 de
1238 1932 1318 1999 Bra·

146 2033 237 2099 sidae
258 2039 362 2098 morte
383 2031 532 2095 nuntium
555 2051 624 2095 esse
654 2030 810 2095 allatum?
843 2030 913 2112 ipse
945 2051 1076 2095 causam
1109 2053 1173 2098 non
1204 2033 1317 2101 affert:

147 2134 204 2200 cfr.
225 2156 256 2217 p.
279 2133 351 2198 274.
394 2133 568 2197 Praeterea
599 2133 707 2211 miror,
741 2135 797 2214 qui
820 2131 888 2211 fiat,
922 2139 960 2196 ut
981 2132 1133 2217 Steupius
1160 2134 1319 2203 hocloco

148 2236 235 2314 velit,
263 2234 479 2319 Rhamphiam
508 2235 549 2299 do
569 2217 707 2299 Brasida
740 2242 866 2300 mortuo
899 2236 1068 2301 certiorem
1100 2235 1222 2302 factum
1254 2260 1318 2305 non

148 2338 342 2415 substitisse,
376 2358 448 2402 cum
476 2337 560 2401 idem
584 2336 735 2419 Steupius
758 2337 870 2402 eadem
891 2338 924 2401 in
947 2339 1067 2421 pagina
1088 2338 1186 2419 dicat,
1219 2341 1317 2425 perfi-

150 2441 255 2507 ciendi
284 2441 319 2503 id
344 2439 433 2521 quod
453 2438 606 2504 Brasidas
632 2438 779 2504 voluerat
805 2441 876 2523 ipso
908 2447 1033 2505 mortuo
1062 2442 1192 2507 neniam
1218 2442 1318 2510 fuisse

149 2552 292 2626 tempus:
326 2541 452 2620 „dieser
472 2540 733 2624 Notuendigheit
761 2543 820 2625 (sc.
847 2542 977 2608 domum
998 2543 1170 2630 redeundi)
1199 2545 1321 2614 konnte

147 2643 348 2729 Rhamphias
363 2645 432 2710 sich
445 2667 501 2709 um
522 2664 557 2709 so
580 2642 715 2709 leichter
731 2643 837 2726 higen,
861 2645 909 2709 als
931 2646 989 2709 der
1004 2644 1072 2709 Tod
1095 2646 1152 2710 des
1166 2647 1321 2716 Brasidas

149 2748 289 2822 ohnehin
322 2746 421 2812 schor
456 2747 508 2810 die
541 2746 734 2830 Expedition
768 2768 808 2810 zu
840 2747 928 2811 einer
960 2745 1138 2812 reriehlten
1170 2751 1322 2832 gemacht

148 2850 261 2916 hatte“
284 2851 328 2932 (p.
350 2848 438 2933 274).
482 2848 515 2914 Si
537 2847 626 2913 ultra
651 2848 825 2930 procedere
852 2855 1070 2931 opportunum
1094 2851 1225 2916 neniam
1246 2852 1319 2933 fuit,

149 2949 638 3034 curRhamphiamprocessisse
652 2949 822 3033 putemus?
865 2949 909 3014 At
931 2951 1057 3014 omnino
1080 2972 1143 3017 non
1165 2960 1215 3019 est
1235 2958 1320 3021 veri-

142 3054 261 3132 simile,
297 3051 512 3135 Rhamphiam
543 3053 732 3135 priusquam
761 3053 804 3117 ad
830 3052 971 3116 Pierium
997 3054 1144 3136 pervenit
1164 3054 1320 3123 Brasidae

128 3157 263 3236 ,mortis
293 3155 454 3238 accepisse
484 3155 643 3219 nuntium.
686 3154 762 3219 Fuit
790 3155 874 3219 enim
903 3159 1064 3219 exstrema
1096 3163 1212 3235 aestas,
1247 3180 1321 3225 cum

139 3258 303 3323 *Brasidas
331 3256 417 3339 apud
446 3255 662 3339 Amphipolim
692 3255 928 3322 interficeretur
957 3262 990 3320 et
1017 3256 1217 3341 Rhamphias
1247 3281 1320 3327 cum

151 3358 427 3437 suis-Heracleae,
463 3379 548 3440 quae
579 3357 642 3422 fuit
663 3356 908 3422 Trachiniorum
938 3358 1102 3440 oppidum,
1139 3370 1322 3428 moraretur

150 3455 436 3545 (ἓνδιατριβόντων
458 3459 494 3524 δὲ
517 3452 625 3522 αὐτῶν
647 3453 736 3538 ἔτυχε
758 3453 777 3545 ἡ
799 3454 886 3543 μα’χη
909 3453 989 3543 αὕτη
1011 3457 1173 3546 γενομένη,
1206 3461 1262 3528 καὶ
1282 3462 1321 3528 τὸ

150 3563 250 3648 θέρος
277 3559 427 3627 ἐτελεύτα
448 3563 500 3647 (V.
525 3563 602 3646 12)).
657 3561 775 3626 Statim
796 3563 928 3625 ineunte
958 3559 1063 3627 hieme
1094 3563 1170 3647 (τοῦ
1192 3559 1222 3627 d‘
1244 3561 1321 3630 ἐπι-

149 3662 338 3750 γιγνομένου
367 3668 524 3746 χειμῶνος
556 3655 695 3745 εὐθύς)
734 3662 934 3746 Rhamphias
965 3663 1123 3729 Heraclea
1154 3664 1322 3748 profectus

150 3775 208 3833 est
251 3767 337 3850 Ergo
366 3767 450 3831 inter
477 3785 617 3849 pugnam
647 3766 848 3830 commissam
879 3771 911 3829 et
938 3764 1141 3849 Rhamphiae
1162 3766 1321 3834 Heraclea

67 3888 71 3896 ·
150 3871 326 3936 discessum
356 3888 420 3933 non
444 3873 572 3930 tantum
594 3867 748 3949 temporis
770 3867 949 3950 praeteriit,
983 3875 1021 3932 ut
1041 3867 1083 3933 ad
1105 3867 1322 3953 Rhamphiam

124 3960 127 3964 ⁴
150 3973 315 4055 depugna
337 3976 370 4034 et
380 3968 537 4033 Brasidae
552 3975 655 4033 morte
670 3970 819 4033 nuntium
835 3969 1018 4052 pervenisse
1034 3971 1203 4037 verisimile
1226 3980 1322 4052 esset,

149 4075 341 4158 praesertim
386 4092 459 4136 cum
500 4077 628 4135 tantum
670 4070 808 4136 distaret
850 4070 1051 4154 Amphipolis
1088 4072 1247 4140 Heraclea
1288 4082 1322 4141 ot

150 4174 306 4252 Thessali,
335 4173 392 4258 qui
419 4174 608 4249 intererant,
638 4171 899 4237 Lacedaemoniis
930 4180 1038 4238 essent
1064 4174 1182 4241 infesti.
1232 4176 1320 4260 Ergo

150 4277 365 4362 Rhamphiam
395 4296 458 4341 non
486 4282 660 4359 antequam
682 4275 725 4340 ad
752 4274 893 4342 Pierium
914 4275 1062 4362 pervenit
1094 4278 1135 4344 de
1162 4277 1319 4348 Brasidae

130 4385 244 4442 morte
266 4380 441 4447 certiorem
467 4400 537 4448 esso
559 4379 682 4448 iactum
705 4379 900 4470 putabimus.
