2918 4770
240 1161 375 1227 Adolfus
386 1161 562 1241 Kirchhoff,
586 1185 658 1229 cum
673 1163 942 1230 demonstraverit
956 1165 1078 1248 (Herm.
1089 1166 1175 1252 XII.)
1198 1167 1325 1252 Thucy·

155 1264 241 1331 didis
264 1264 391 1330 codices
412 1264 604 1331 foedissimis
625 1265 932 1350 interpolationibus
954 1287 1023 1332 esse
1045 1269 1242 1352 inquinatos,
1266 1291 1325 1335 nec

153 1388 285 1452 sperare
299 1366 406 1445 liceat,
428 1367 505 1446 fore,
528 1374 566 1433 ut
580 1368 711 1434 fortuna
726 1367 890 1434 meliorem
905 1369 997 1434 nobis
1011 1370 1167 1453 praebeat
1182 1372 1324 1437 codicem

152 1506 193 1516 -
226 1470 423 1534 nemetiam
446 1491 485 1534 ex
507 1469 705 1555 Thucydidis
726 1472 904 1554 pervetusti
934 1472 1051 1556 papyri
1071 1470 1207 1551 laciniis,
1240 1493 1325 1555 quae

152 1593 257 1656 nuper
277 1572 489 1638 innotuerunt
510 1572 626 1656 (Wien.
648 1572 840 1650 StuddVII,
865 1572 951 1658 116),
974 1571 1055 1636 nihil
1077 1572 1164 1657 quod
1186 1595 1324 1640 comme-

151 1675 330 1740 moratione
352 1674 485 1758 dignum
514 1674 559 1740 sit
579 1674 753 1753 lucramur,
787 1712 828 1721 —
861 1680 1006 1740 nostrum
1028 1681 1078 1740 est
1098 1675 1216 1754 videre,
1248 1698 1325 1741 num

150 1777 213 1861 ipsi
237 1775 381 1842 codicem
395 1775 559 1843 meliorem
582 1778 675 1860 quasi
689 1778 861 1844 restituere
876 1777 1045 1861 possimus,
1066 1777 1124 1857 ita,
1146 1783 1185 1843 nt
1207 1777 1323 1844 collec-

150 1879 194 1945 tis
222 1880 370 1945 omnibus
391 1879 593 1958 testimoniis,
627 1881 745 1964 quibus
779 1879 876 1945 verba
897 1877 1106 1962 Thucydides
1136 1880 1322 1960 traduntur,

151 2003 250 2065 quam
272 1980 517 2064 diligentissime
537 1982 776 2066 investigemus,
816 1980 931 2064 ecquid
954 2002 993 2046 ex
1013 1982 1055 2047 iis
1075 1981 1196 2048 lucrari
1218 1983 1321 2066 possi-

150 2103 222 2149 mus
244 2083 287 2148 ad
309 2088 436 2148 nostros
458 2082 585 2148 codices
607 2083 832 2150 emendandos.
877 2083 971 2163 Quod
991 2105 1090 2168 quam
1104 2085 1321 2150 necessarium

149 2186 203 2264 sit,
238 2206 310 2251 cum
344 2183 421 2250 olim
442 2183 553 2250 Duker
585 2191 619 2250 et
639 2184 750 2270 Poppo
780 2185 1019 2266 intellexerunt,
1052 2193 1122 2252 tum
1155 2207 1259 2271 nuper
1280 2187 1319 2252 A.

150 2287 294 2355 Schoene
315 2287 378 2353 hoc
399 2293 532 2352 munere
558 2286 690 2355 functus
720 2294 778 2366 est,
812 2288 869 2372 qui
898 2289 933 2352 in
962 2287 1102 2354 editione
1123 2288 1320 2373 Thucydidis

149 2389 225 2455 libri
247 2393 273 2453 1.
296 2396 329 2455 et
349 2389 388 2455 11.
411 2388 529 2473 (Berol.
553 2390 651 2477 1874)
685 2397 817 2475 praeter
850 2390 997 2457 codicum
1027 2392 1135 2458 varias
1163 2392 1320 2460 lectiones

148 2490 303 2558 nonnulla
337 2491 494 2557 eiusmodi
526 2492 717 2558 testimonis
754 2492 931 2558 adnotavit.
989 2493 1114 2558 Deinde
1150 2493 1186 2559 B.
1223 2493 1319 2562 Niese

148 2594 270 2675 (Herm.
298 2592 402 2679 XIV.)
443 2591 570 2659 collatis
607 2593 764 2678 Stephani
801 2593 950 2678 Byzantii
985 2595 1178 2662 testimoniis
1213 2617 1319 2680 pauca

149 2697 332 2762 emendavit
362 2702 395 2761 et
423 2694 604 2761 luculenter
626 2696 872 2762 demonstravit:
903 2696 999 2776 „dass
1028 2697 1111 2763 noch
1134 2697 1318 2782 Stephanus

148 2821 209 2867 ron
230 2798 356 2883 Byzanz
389 2799 424 2862 in
456 2798 514 2863 der
548 2804 655 2864 ersten
676 2795 788 2862 Halfte
821 2797 878 2864 des
900 2800 928 2865 6.
951 2798 1192 2866 Jahrhnnderts
1225 2801 1317 2866 einen

147 2901 230 2967 Text
250 2900 353 2979 hatte,
385 2900 444 2966 der
473 2920 533 2966 von
561 2898 718 2966 manchon
742 2899 920 2966 Einiiiissen
949 2901 1008 2967 der
1029 2900 1229 2968 Diaslreuase
1256 2902 1318 2969 frei

146 3010 243 3071 war“.
286 3002 440 3070 Similiter
461 3000 563 3067 Sedes
585 3001 742 3084 (dissertt.
764 3001 986 3086 Argentoratt.
1010 3002 1175 3070 1879v01.
1198 3005 1254 3087 Il.)
1278 3027 1317 3070 ex

148 3106 294 3190 Dionysii
319 3104 616 3170 Halicarnassensis
647 3104 840 3169 testimoniis
874 3104 948 3189 plus
980 3105 1079 3171 semel
1099 3126 1206 3172 reram
1228 3106 1317 3173 Thu-

148 3208 273 3294 cydidis
299 3209 495 3292 scripturam
521 3205 703 3271 restituisse
730 3205 793 3271 sibi
818 3206 955 3272 videtur.
999 3207 1155 3274 Ernestus
1177 3208 1317 3294 denique

146 3311 300 3378 Schwabe
321 3311 470 3393 promisit
491 3309 613 3393 (Leipz.
632 3306 744 3374 Studd.
768 3308 824 3392 4.),
848 3328 883 3374 se
905 3330 945 3373 ex
967 3306 1163 3393 Thucydidis
1184 3311 1315 3379 scholiis
1397 3346 1400 3353 ·

146 3413 224 3498 quid
247 3414 350 3497 possit
370 3411 484 3496 profici
512 3411 555 3477 sd
583 3416 709 3475 textum
734 3410 848 3474 melius
876 3410 1146 3491 constituendum,
1181 3413 1312 3480 demon-

145 3521 325 3581 straturum
353 3534 432 3592 esse,
461 3512 549 3596 quod
582 3512 774 3596 promissum
800 3533 877 3576 num
905 3512 971 3577 iam
996 3514 1200 3595 praestiterit
1223 3537 1310 3582 com·

145 3622 275 3703 portum
290 3634 352 3680 non
368 3615 480 3680 habeo.
503 3651 544 3661 -
558 3613 701 3693 Quorum
717 3612 871 3698 exemplis
879 3612 1040 3679 adductus
1056 3615 1168 3699 etipse
1181 3624 1316 3683 conatus

145 3740 226 3796 sum,
257 3739 334 3783 num
362 3715 440 3800 quid
468 3716 510 3780 ad
539 3714 621 3781 haec
642 3716 753 3781 studia
774 3714 991 3800 promovenda
1012 3736 1139 3799 possem
1161 3718 1314 3797 conferre,

143 3823 256 3905 itaque
279 3819 394 3903 collegi
414 3817 598 3884 testimonia
618 3816 827 3902 Thucydideo
849 3839 888 3882 ex
910 3816 994 3882 Aelii
1013 3818 1166 3884 Aristidis
1188 3819 1315 3887 duabus

145 3923 344 3991 orationibus
366 3921 427 4006 (or.
442 3919 574 4004 panath.
591 3925 624 3984 et
638 3919 678 3984 de
689 3919 733 3985 IV
744 3920 847 4004 viris),
864 3917 996 3984 scholiis
1010 3919 1052 3985 ad
1066 3919 1127 3986 has
1142 3923 1312 4001 orationes,

145 4025 276 4093 scholiis
311 4024 354 4090 sd
389 4021 617 4106 Aristophanis
653 4021 842 4101 comoedias,
886 4019 1096 4104 Hermogenis
1132 4022 1313 4101 rhetoricis,

144 4125 276 4194 scholiis
298 4127 340 4191 sd
361 4124 572 4208 Hermogenis
593 4122 807 4205 rhetorical).

232 4333 252 4402 ¹)
274 4332 396 4400 Quorum
414 4332 586 4401 scriptorum
604 4329 767 4388 testimonis.
790 4330 917 4400 (praeter
935 4328 1134 4396 Hermogenis
1148 4325 1339 4380 scuffixsstsm

142 4423 198 4477 iam
216 4420 369 4476 Schoenius
386 4419 545 4492 adnotavit,
563 4437 658 4493 pauca
677 4437 754 4492 qnae
771 4419 871 4476 omisit
888 4417 1033 4473 asterisco
1051 4411 1094 4478 St
1106 4405 1226 4460 ustam.
