2918 4770
705 236 748 306 48

137 420 241 493 lenter
278 431 388 495 autem
426 422 508 497 haee
544 425 737 495 scholiastae
777 425 876 495 verba
914 426 1041 509 docent,
1082 427 1183 500 fuine
1221 434 1313 502 illius

137 528 330 597 scholiastae
351 532 551 616 temporibus
574 532 607 595 in
629 531 828 616 Thucydidis
849 530 957 598 verbis
976 531 1103 616 ahquid
1123 536 1165 601 de
1188 559 1314 621 cogna-

138 639 245 698 torum
265 634 299 698 in
323 634 467 718 captivos
481 632 666 700 liberandos
681 632 806 699 studio:
827 653 904 699 nam
924 634 1172 719 siThucydides
1184 639 1313 706 nullum

137 733 179 799 de
200 733 261 801 hac
282 756 318 800 re
338 735 473 803 dixisset
495 736 636 814 verbum,
667 756 732 801 uon
753 742 928 820 appareret
954 737 1012 820 qui
1036 736 1108 803 lieri
1136 743 1311 823 potuisset,

138 843 176 903 ut
196 857 267 903 cam
289 838 473 916 scholiasta,
496 839 552 921 qui
574 839 718 904 auctoris
739 837 839 904 verba
860 837 1012 922 explicat,
1033 853 1313 910 commemoraret

140 938 323 1005 Cuiusmodi
357 941 517 1007 sententia
547 961 644 1023 quam
680 941 884 1023 requirimus,
918 961 992 1006 cum
1023 962 1087 1006 uon
1122 944 1157 1008 iu
1187 947 1313 1012 noeais

138 1040 312 1120 codicibus,
341 1042 452 1108 sedin
483 1042 678 1109 scholiastae
699 1041 928 1126 Aristophanis
954 1045 1179 1110 tantummodo
1199 1047 1311 1114 verbis

138 1151 266 1209 servata
287 1144 339 1221 sit,
373 1144 506 1211 dubium
537 1165 690 1211 essenon
712 1151 829 1229 potest,
859 1146 939 1228 quin
960 1145 1159 1230 Thucydidis
1180 1149 1312 1216 codices

138 1244 200 1311 hoc
221 1245 291 1311 loco
313 1246 380 1311 sint
401 1247 555 1331 corrupti,
582 1268 603 1313 a
624 1245 801 1312 scholiasta
829 1255 938 1312 autem
964 1247 1064 1313 verba
1083 1270 1157 1315 scre
1178 1250 1312 1337 Thucy·

137 1346 234 1413 didea
256 1348 378 1413 tradita
399 1349 473 1413 sint.
518 1348 587 1414 Hoc
609 1348 739 1431 negavit
759 1346 866 1414 Julius
888 1349 988 1433 Steup
1011 1349 1087 1433 (lib
1100 1350 1183 1418 Mus
1205 1353 1310 1435 XXV,

137 1450 201 1516 273
216 1459 288 1533 sq).
334 1448 421 1515 Dicit
443 1450 527 1517 onim
550 1471 589 1516 ea
610 1450 651 1516 de
674 1469 773 1516 causa
793 1449 875 1517 haec
895 1450 1217 1538 verbaThucydidea
1239 1478 1311 1524 esse

138 1571 201 1619 non
223 1570 327 1635 posse,
360 1552 438 1635 quia
461 1553 592 1619 verbum
614 1548 810 1632 σπουδάζειν
831 1552 973 1619 alienum
1001 1555 1046 1620 sit
1066 1575 1088 1621 a
1108 1555 1310 1642 Thucydidis

137 1675 292 1733 sermone,
327 1675 397 1720 cum
431 1653 513 1721 alias
540 1655 629 1738 apud
662 1677 734 1721 eum
766 1675 831 1720 non
860 1655 1043 1722 inveniatur
1064 1658 1111 1741 (p.
1132 1658 1221 1744 288).
1266 1663 1310 1727 Et

139 1755 377 1823 concodendum
399 1763 459 1835 est,
480 1756 542 1822 hoe
563 1757 704 1837 verbum,
728 1763 872 1823 ceterum
891 1759 1207 1842 pervulgatissimum
1227 1786 1307 1832 uus

137 1880 235 1942 quam
258 1858 339 1925 alius
360 1879 381 1924 a
402 1858 589 1944 Thucydide
610 1860 762 1942 usurpari
783 1880 888 1942 nequa
909 1860 1053 1944 intellegi
1074 1883 1132 1927 cur
1159 1863 1222 1931 hoc
1242 1889 1309 1933 uuo

137 1959 209 2027 loco
230 1967 422 2046 usurpatum
443 1960 495 2026 sit
538 1960 720 2027 Invenimus
736 1968 844 2028 autam
865 1962 899 2026 iu
921 1962 1033 2028 eodem
1048 1966 1213 2032 enmtiato
1234 1990 1308 2035 ver-

137 2062 213 2129 bum
236 2057 359 2150 δνδγειν
379 2060 412 2128 h.
434 2083 460 2129 o.
483 2083 599 2147 urgere
620 2063 754 2147 aliquid,
777 2063 827 2129 vel
848 2062 989 2146 aliquem
1010 2065 1052 2130 ad
1073 2065 1217 2150 aliquam
1237 2093 1307 2138 rem

137 2164 273 2232 incitare
295 2162 364 2248 (IV,
385 2164 437 2242 21,
459 2165 504 2250 3).
549 2164 642 2244 Quod
655 2165 795 2245 verbum,
820 2187 893 2231 cum
914 2187 936 2233 a
957 2168 1072 2233 ceteris
1090 2171 1308 2254 ‘scriptoribus

138 2267 248 2334 atticis
270 2265 409 2333 alionum
431 2265 483 2345 sit,
506 2265 594 2350 apud
616 2289 715 2333 unum
729 2266 950 2353 Thucydidem
967 2268 1138 2352 iuvenitur,
1161 2275 1218 2356 qui
1239 2275 1308 2343 for-

137 2378 224 2437 tasse
246 2368 407 2435 mutuavit
428 2389 468 2435 ox
489 2366 661 2436 Herodoto.
706 2368 785 2436 Cum
806 2371 907 2453 igitur
934 2369 995 2436 hoc
1017 2367 1142 2456 ἐνάγειν
1163 2383 1307 2446 ceterum

137 2472 326 2539 inusitatum
349 2468 528 2557 Thucydidi
555 2473 721 2557 proprium
750 2491 819 2538 esse
847 2473 1004 2551 videatur,
1037 2481 1148 2541 nostro
1176 2500 1307 2564 quoque

137 2574 207 2642 loco
240 2594 303 2639 non
336 2571 462 2642 abhoc
489 2572 615 2642 salillo
637 2572 767 2653 lectore,
800 2575 857 2641 sed
890 2575 951 2640 nisi
973 2595 995 2641 a
1015 2574 1203 2663 Thucydide
1233 2584 1307 2666 ipso

136 2678 294 2763 scriptum
327 2694 396 2742 asso
428 2696 491 2744 non
521 2683 637 2761 potest.
694 2676 746 2743 Ita
779 2677 880 2761 igitur
911 2696 964 2742 res
997 2697 1032 2742 se
1060 2677 1170 2759 hahet,
1204 2691 1242 2750 ut
1272 2687 1306 2751 in

137 2778 248 2845 codam
271 2778 436 2844 enuntiato
459 2775 596 2844 alterum
619 2778 807 2845 vocabulum
837 2779 951 2862 utique
972 2779 1152 2865 Thucydidi
1179 2785 1307 2852 abiudi-

137 2881 285 2958 candum,
308 2878 445 2945 altorum
460 2880 573 2962 utique
596 2879 624 2946 ei
640 2880 847 2946 tribuendum
869 2882 921 2959 sit,
943 2880 1082 2946 alterum
1102 2889 1307 2954 utcnuntia-

137 2990 205 3049 tum
227 2980 391 3047 deleamus
413 3001 469 3047 nos
492 2987 628 3060 moneat,
651 2988 738 3047 vetet
752 2982 900 3047 alterum.
943 2983 1089 3066 Apparet
1109 2992 1217 3052 autem
1240 3010 1306 3056 non

136 3083 238 3151 solum
259 3103 337 3150 sano
352 3082 559 3167 singulariter
580 3083 614 3148 in
636 3083 747 3150 eodem
769 3084 936 3149 enuntiato
959 3085 1022 3150 duo
1037 3086 1192 3152 eiusmodi
1207 3092 1307 3157 verba

137 3184 317 3252 arctissimo
346 3185 505 3268 coniungi,
536 3185 593 3250 scd
623 3187 720 3251 ctiam
748 3185 887 3251 alterum
917 3184 998 3251 illud
1025 3185 1081 3252 καὶ
1102 3183 1307 3272 ἐσπούδαζον

137 3309 196 3374 por
229 3306 262 3353 sc
295 3286 357 3352 hoc
389 3286 459 3353 loco
480 3307 613 3371 prorsus
635 3308 705 3353 asse
727 3308 1010 3371 supervacaneum,
1043 3311 1102 3356 nec
1129 3292 1158 3356 si
1180 3293 1306 3360 deesset

136 3388 318 3458 ullomodo
341 3388 472 3471 requiri.
517 3388 606 3466 Quae
636 3410 708 3455 cum
738 3389 786 3454 ita
807 3389 882 3467 sint,
912 3391 981 3455 sine
1007 3391 1074 3456 ulla
1102 3392 1305 3463 dubitatione

136 3494 198 3559 hoc
230 3490 467 3568 affirmaverim,
501 3489 533 3554 id
562 3490 668 3572 ipsum
700 3487 756 3555 καὶ
788 3486 990 3571 ἐσπούδαζον
1023 3514 1092 3559 esse
1124 3495 1304 3566 delendum.

137 3595 165 3660 A
193 3612 334 3676 quonam
360 3589 489 3657 homine
521 3611 680 3674 quemque
706 3593 750 3657 ad
778 3591 875 3657 finam
902 3593 1099 3679 Thucydidis
1126 3599 1232 3664 verbis
1260 3602 1305 3666 sit

137 3694 285 3761 additum
306 3693 401 3758 docet
422 3692 585 3775 particula
607 3690 670 3757 καὶ.
714 3694 899 3778 Usurpatur
926 3696 1011 3760 enim
1039 3695 1121 3763 haec
1141 3702 1306 3784 particula

137 3797 179 3863 ab
201 3797 251 3873 iis,
273 3795 328 3877 qui
351 3795 544 3878 scriptorum
566 3795 665 3861 verba
680 3795 844 3880 explicant
866 3797 914 3862 ita
935 3799 1130 3882 saepissime,
1152 3807 1190 3866 ut
1210 3802 1305 3871 nohis

137 3897 292 3963 vertenda
306 3897 350 3962 sit
363 3917 422 3979 per
445 3896 499 3974 „id
515 3904 594 3963 est“.
637 3896 689 3963 Ita
705 3905 816 3963 nostro
831 3919 960 3981 quoque
973 3899 1044 3966 loco
1065 3923 1118 3968 res
1138 3922 1173 3968 se
1195 3903 1305 3988 habet,

138 4020 210 4065 cum
232 3999 333 4082 igitur
355 3996 559 4081 Thucydides
579 3999 762 4083 scripsisset
782 3996 928 4081 poilliaco
956 3999 992 4066 δὲ
1018 3996 1050 4066 oi
1077 4005 1144 4066 τῶν
1171 4005 1304 4088 δεδεμέ-

139 4123 201 4166 νων
223 4099 380 4184 ξυγγενεῖς
402 4094 512 4185 ἐνῆγον
534 4092 579 4177 ὠς
599 4092 636 4163 lb
658 4093 767 4187 εἰρήνη
788 4098 926 4187 γένηται,
961 4102 1064 4169 lector
1085 4105 1228 4187 quidam,
1251 4110 1305 4175 cui

138 4200 249 4289 ἐνῆγον
271 4183 460 4266 idusitatum
482 4201 661 4281 videbatur,
683 4204 928 4287 superscripsit:
961 4204 1042 4284 „hoc
1070 4212 1120 4271 cst
1139 4203 1306 4275 ἐσπούδα-

140 4302 226 4384 ζον“,
259 4303 346 4369 unde
376 4324 436 4387 per
465 4302 589 4369 librarii
618 4325 759 4371 errorem
780 4312 894 4390 postea
920 4307 954 4372 in
976 4307 1173 4393 Thucydidis
1201 4311 1306 4396 ipsius

135 4396 231 4473 rerba
251 4406 409 4473 insertum
434 4411 490 4474 ost.
515 4447 555 4457 -
579 4404 654 4476 Jam
678 4430 752 4478 cum
773 4414 944 4496 appareat,
969 4408 1073 4495 uerba
1090 4430 1114 4474 e.
1130 4409 1309 4482 scholiasta
