2918 4770
700 214 740 279 31

134 426 175 470 ex
195 401 337 487 repetita
358 396 553 465 allocutione
575 406 721 485 apparet,
751 400 808 465 sed
830 402 908 485 quin
929 402 963 466 in
985 402 1115 486 Georgii
1137 403 1309 470 Diaeretae

136 506 246 573 codice
269 493 296 568 ὦ
319 497 432 586 ἄνδρες
449 495 632 589 Ἀθηναῖοι,
662 524 726 568 non
748 511 785 568 nt
807 503 894 586 apud
916 525 974 570 nos
997 495 1225 591 ὦἈθηναῖοι,
1256 529 1308 572 re-

134 629 212 676 vera
242 607 385 683 infuerit,
424 604 567 669 dubitari
605 627 669 670 non
708 605 814 671 debet.
876 607 957 671 Cum
990 608 1091 690 igitur
1121 617 1308 691 quaeratur,
1363 607 1366 610 ’

135 717 246 776 utrum
269 706 475 792 Thucydides
496 707 649 773 hocloco
672 708 840 792 scripsisse
861 710 1020 787 videatur,
1049 711 1309 794 investigandum

136 821 195 891 est,
224 831 385 895 quaenam
412 810 479 875 sint
499 809 733 895 appellationes
760 811 792 874 iu
815 810 1015 876 orationibus
1037 811 1254 897 'lhucydideis
1276 822 1310 880 et

136 914 296 1000 quomodo
326 914 434 979 variae
466 912 702 998 appellationes
735 919 943 996 usurpentur.
999 913 1088 992 Quae
1120 936 1172 980 res
1204 918 1253 982 ita
1274 937 1308 982 se

135 1017 244 1094 habet,
278 1023 315 1082 ut
347 1017 379 1080 in
408 1015 500 1079 initio
530 1016 686 1080 orationis
716 1022 774 1080 aut
801 1015 886 1080 desit
907 1017 1008 1080 omnis
1030 1016 1214 1100 appellatio,
1250 1026 1309 1084 aut

136 1121 265 1185 nomina
287 1126 415 1184 tantum
437 1137 547 1182 eorum
569 1117 783 1201 appellentur,
805 1119 862 1200 qui
884 1118 1031 1197 audiunt,
1054 1128 1112 1183 aut
1134 1119 1175 1184 ad
1199 1141 1309 1186 eorum

137 1243 251 1288 nomcn
274 1222 418 1287 addatur
440 1220 606 1284 vocativus
628 1213 748 1304 ἄνδρες.
792 1220 899 1302 Atque
921 1220 1004 1284 inter
1019 1221 1061 1285 46
1077 1230 1174 1287 oratt.
1190 1223 1309 1289 Thucc.

136 1325 227 1390 deest
255 1325 359 1390 omnis
387 1319 565 1406 appellatio
592 1322 626 1385 in
659 1324 698 1387 15
728 1322 948 1387 orationibus:
993 1323 1017 1399 Ι,
1040 1325 1090 1388 37.
1114 1327 1163 1390 73.
1187 1327 1238 1390 86.
1268 1325 1308 1404 ΙΙ,

136 1428 186 1493 35.
210 1428 261 1492 60.
314 1425 371 1504 ΙΙΙ,
400 1424 450 1492 37.
480 1425 531 1488 42.
555 1424 606 1489 61.
651 1424 688 1502 V,
720 1423 771 1490 85.
815 1423 868 1502 ΙΙΙ,
899 1426 928 1490 9.
958 1426 1008 1490 33.
1036 1425 1086 1490 36.
1109 1429 1160 1492 41.
1183 1427 1234 1492 82.
1257 1428 1309 1496 89.

137 1528 261 1595 Nomen
290 1535 416 1594 tantum
444 1527 646 1592 audientium
666 1533 800 1592 vocatur
826 1529 861 1590 in
885 1528 925 1592 16
948 1528 1036 1592 hisce
1064 1530 1263 1596 orationibus
1284 1532 1309 1610 l,

137 1633 189 1710 32,
214 1632 261 1696 68.
288 1631 339 1696 80.
365 1631 433 1695 140.
469 1628 508 1708 ΙΙ,
533 1629 583 1694 71.
620 1629 675 1706 ΙΙΙ,
698 1630 748 1694 30.
786 1629 840 1706 ΙΙΙ,
873 1630 920 1694 17.
942 1629 994 1695 59.
1017 1631 1067 1695 85.
1089 1632 1140 1696 95.
1178 1632 1229 1712 Vl,
1260 1635 1309 1699 16.

138 1737 167 1800 2.
190 1735 241 1800 76.
283 1734 349 1811 Vll,
375 1732 423 1798 ll.
447 1733 496 1798 66.
520 1734 570 1798 77.
623 1732 674 1796 Ad
710 1751 825 1796 nomen
859 1731 1059 1797 audientium
1095 1733 1228 1800 additus
1261 1745 1310 1802 est
1416 1736 1418 1740 ’

138 1837 302 1902 vocativus
323 1824 440 1919 ἄνδρες
466 1836 499 1899 in
523 1835 563 1899 15
585 1832 784 1899 orationibus
806 1832 830 1912 I,
853 1835 895 1899 53
918 1835 996 1920 (bis)
1022 1837 1091 1900 120.
1120 1836 1160 1915 ΙΙ,
1188 1840 1235 1903 11.
1258 1840 1309 1905 72.

139 1939 188 2005 73.
212 1939 262 2003 87.
285 1936 336 2001 89.
374 1936 430 2014 ΙΙΙ,
454 1936 485 2000 9.
520 1936 574 2014 IV,
605 1936 653 2000 10.
675 1938 726 2002 92.
752 1937 820 2001 126.
857 1936 895 2015 V,
925 1937 952 2002 9.
992 1937 1046 2016 lV,
1079 1939 1129 2003 68.
1167 1940 1235 2018 VII,
1260 1942 1309 2007 61.

223 2041 345 2119 Quibus
368 2061 408 2103 ex
431 2038 586 2123 exemplis
607 2041 718 2104 statim
734 2040 948 2120 cognoscitur,
972 2041 1004 2104 iu
1028 2042 1177 2107 contione
1193 2045 1309 2110 civium

137 2150 196 2211 ant
218 2144 345 2209 omnino
361 2163 488 2207 omnem
502 2141 755 2226 appellationem
777 2162 847 2207 esse
863 2143 1023 2219 omissam,
1046 2153 1105 2209 aut
1120 2146 1310 2229 simpliciter

139 2268 253 2312 nomen
276 2246 476 2311 audientium
506 2265 575 2310 esse
597 2251 756 2323 vocatum,
790 2245 824 2309 in
854 2247 1003 2310 contione
1034 2254 1143 2312 autem
1172 2249 1311 2337 militum

138 2349 294 2414 usitatam
315 2347 542 2413 allocutionem
565 2348 649 2413 hauc
663 2347 771 2425 fuisse,
794 2354 833 2412 ut
853 2336 880 2410 ὦ
904 2342 1018 2434 ἄνδρες
1039 2356 1097 2414 556
1117 2349 1228 2430 solum,
1253 2360 1311 2418 ant

139 2471 214 2515 cum
234 2451 362 2516 nomine
382 2449 495 2534 populi
519 2451 724 2516 coniunctum
745 2457 967 2532 usurparetur.
1011 2449 1112 2516 1513
1135 2454 1219 2517 enim
1241 2475 1311 2521 ora-

136 2551 281 2617 tionibus
312 2553 358 2617 sic
385 2553 504 2618 milites
534 2551 750 2636 appellantur,
787 2558 838 2616 ter
866 2559 995 2617 tantum
1024 2554 1116 2618 deest
1146 2558 1311 2622 vocativus

138 2648 252 2738 ἄνδρες
284 2655 318 2719 in
341 2654 541 2720 orationibus
564 2656 605 2720 ad
628 2654 747 2719 milites
774 2653 828 2732 1v,
851 2655 903 2720 95.
926 2653 1010 2733 Vlll,
1035 2654 1205 2722 665677.
1250 2658 1311 2724 Sed

137 2756 181 2821 ad
204 2758 245 2821 13
267 2756 349 2822 alias
369 2759 531 2824 orationes
553 2757 740 2840 respicienti
770 2756 850 2821 mihi
880 2756 1015 2822 dubium
1044 2777 1108 2820 non
1139 2766 1197 2837 est,
1232 2762 1311 2842 quin

137 2858 189 2924 his
211 2860 316 2926 tribus
337 2859 417 2926 locis
439 2882 547 2926 errore
568 2860 777 2927 librariorum
790 2859 941 2925 omissum
958 2859 1114 2942 uobisque
1136 2864 1312 2928 restituen-

138 2960 216 3027 dum
247 2982 396 3028 censeam
427 2964 610 3030 vocativum
640 2955 761 3046 6νδρες.
820 2961 894 3027 Jam
925 2984 999 3027 cum
1032 2970 1228 3049 quaeratur,
1254 2986 1312 3030 cur

138 3063 344 3149 Thucydides
367 3067 400 3130 iu
423 3064 624 3130 orationibus
646 3065 688 3131 ad
718 3064 837 3129 milites
859 3070 986 3130 tantum
1009 3063 1071 3129 hac
1094 3066 1312 3150 appellatione

137 3187 215 3232 usus
236 3169 289 3246 sit,
312 3168 418 3234 verbis
441 3154 468 3230 ai
491 3159 603 3252 ὅνδρες
624 3167 731 3258 laudis
747 3166 870 3249 aliquid
893 3174 993 3248 atque
1005 3168 1166 3233 comitatis
1181 3169 1312 3256 subesse

139 3270 275 3348 videtur,
306 3271 354 3336 ita
383 3278 422 3335 ut
443 3277 553 3336 orator
574 3271 686 3335 statim
708 3270 801 3335 initio
824 3271 979 3336 orationis
1000 3269 1139 3336 militum
1162 3264 1312 3357 ἀνδρείαν

48 3405 50 3410 ·
139 3381 374 3451 commemoret,
396 3374 465 3438 sine
488 3372 585 3438 dubio
609 3380 645 3438 ut
666 3375 763 3438 etiam
786 3373 888 3455 magis
911 3393 965 3437 eos
983 3371 1160 3438 inflammet
1181 3375 1223 3439 ad
1247 3375 1312 3440 for-

138 3479 321 3542 titudinem.
365 3476 420 3542 Sin
444 3482 553 3540 autem
581 3475 654 3558 plus
685 3478 770 3555 huic,
801 3496 899 3559 quam
927 3476 1069 3540 usitatae
1101 3476 1312 3559 appellationi

139 3581 251 3645 subest
272 3580 443 3657 comitatis,
481 3584 629 3662 apparet,
668 3600 739 3644 eam
772 3580 871 3644 etiam
904 3578 945 3642 ad
980 3579 1162 3643 contionem
1197 3579 1312 3646 civium

138 3682 309 3748 transferri
331 3702 434 3766 posse,
464 3683 614 3747 nimirum
636 3687 716 3759 tum,
745 3702 817 3746 cum
838 3683 958 3746 oratori
982 3680 1071 3746 cordi
1095 3688 1144 3746 est
1166 3682 1312 3765 appella·

138 3787 226 3850 tione
249 3785 388 3850 comiore
410 3783 552 3849 blandiri
568 3783 785 3862 audientibus,
809 3803 927 3867 eosque
940 3804 1077 3861 movere,
1100 3791 1136 3847 ut
1159 3804 1312 3867 magnum

140 3888 264 3971 aliquid
299 3888 361 3971 ipsi
400 3888 587 3953 concedant.
645 3889 762 3969 Itaque
797 3888 957 3951 invenitur
993 3886 1074 3950 haec
1108 3885 1313 3954 allocutionis

138 3989 242 4056 forma
263 3989 318 4067 ΙΙΙ,
341 3991 361 4055 9
385 3998 418 4055 56
439 3989 463 4067 Ι,
489 3990 559 4069 120,
579 3988 636 4054 nbi
658 3988 904 4055 Lacedaemonii
927 3989 959 4051 in
983 3988 1098 4052 civium
1122 3990 1270 4054 contione
1292 4011 1313 4056 a

139 4093 328 4178 petentibus
350 4093 526 4157 Corinthiis
555 4098 589 4157 56
609 4091 814 4176 Mytilenaeis
843 4093 892 4156 ita
913 4090 1130 4174 appellantur.
1175 4093 1261 4176 Ergo
1283 4096 1312 4158 si

139 4199 250 4281 aliquo
284 4195 354 4261 loco
387 4196 500 4261 eadem
532 4195 637 4260 forma
669 4194 875 4261 allocutionis
908 4195 1033 4259 tradita
1065 4202 1115 4258 est
1151 4202 1184 4259 56
1214 4217 1312 4263 causa

141 4301 281 4384 cogitari
299 4305 418 4384 potest,
448 4319 506 4364 cur
533 4305 644 4364 orator
666 4298 751 4364 hanc
773 4298 947 4363 comiorem
968 4296 1206 4362 allocutionem
1218 4319 1326 4375 qrae-

140 4404 259 4484 tulerit,
281 4404 364 4471 baec
384 4402 483 4471 lectio
506 4403 700 4492 recipienda
719 4405 865 4474 videtur.
903 4400 1033 4487 ltaque
1055 4418 1140 4465 cum
1154 4412 1218 4460 rea
1232 4399 1361 4453 nusum
