2918 4770
723 237 763 301 10

157 420 263 486 nostri
284 421 411 486 codices
432 422 516 488 inter
538 443 573 487 se
595 421 789 506 discrepant,
819 422 994 504 Gregorius
1021 424 1102 489 facit
1130 424 1179 489 bis
1202 446 1274 490 cum
1296 425 1324 489 B

153 523 205 600 25,
229 523 270 587 21
294 561 334 570 -
358 524 409 601 45,
435 525 484 600 12,
507 530 558 588 ter
580 545 653 590 cum
675 524 700 590 G
721 530 755 589 51
775 524 803 588 Ε
825 525 876 602 45,
899 527 940 590 32
963 564 1004 573 -
1030 525 1143 602 122,30
1165 528 1323 605 -19,3Ο

154 662 196 672 -
218 625 270 703 25,
293 626 332 689 21
358 661 398 674 —-
421 626 516 703 45‚12
538 663 580 673 —
605 627 653 702 19,
676 626 726 704 30,
760 633 877 708 quater
905 647 978 692 555
1007 627 1091 692 Aet
1113 627 1142 694 G
1166 630 1260 707 19‚34
1281 667 1324 677 -

154 727 1321 809 45,8-45,12-19,30-16,2-122,30-25,21-

157 830 213 908 19,
228 829 280 906 30,
312 830 416 894 sexies
438 850 511 894 cum
531 828 557 892 F
579 829 630 906 29,
657 830 695 894 19
717 865 758 876 -
779 828 831 906 44,
857 830 899 894 29
924 846 959 877 '-
987 832 1036 908 16,
1059 832 1080 895 2
1103 870 1141 879 -
1163 832 1216 907 45,
1240 834 1259 898 8
1282 871 1323 881 -

154 930 206 1009 45,
224 931 263 995 12
277 969 317 978 -
337 933 385 1008 19,
400 930 451 997 30.
495 930 658 1014 cognatus
679 932 780 1014 igitur
800 933 899 998 fuisse
912 932 1041 998 videtur
1056 933 1202 1017 Gregorii
1224 935 1325 1000 codex

156 1053 228 1097 cum
252 1038 361 1097 nostro
384 1033 419 1097 F.
441 1071 483 1082 -
506 1032 630 1098 Deinde
657 1053 732 1098 vero
762 1055 801 1098 ex
828 1033 890 1100 hoc
915 1036 1052 1118 pessimo
1083 1036 1193 1102 codice
1214 1037 1325 1120 negle-

155 1135 340 1218 gentissime
369 1134 541 1219 descripsit
563 1135 747 1218 Gregorius
791 1137 880 1214 Quae
909 1136 1117 1221 neglegentia
1136 1139 1234 1204 etiam
1255 1147 1325 1205 tum
1400 1129 1403 1134 ’

155 1245 303 1321 apparet,
339 1258 411 1302 cum
433 1244 521 1303 recte
543 1228 742 1321 Thucydidis
765 1239 864 1305 verba
892 1240 1072 1323 descripsit.
1119 1239 1213 1305 Velut
1239 1240 1323 1323 (VII,

157 1340 249 1416 1144,
272 1340 328 1424 21)
362 1340 532 1422 exscripsit
566 1339 663 1406 Thuc.
687 1340 711 1418 l,
736 1341 756 1406 6
788 1338 1011 1427 ἑσιδηροφόρει
1033 1378 1073 1390 -
1096 1337 1263 1427 ἀσφαλεῖς,
1296 1344 1324 1408 51

155 1443 339 1508 accuratius
351 1441 571 1526 Thucydidem
592 1441 733 1524 legisset,
755 1442 853 1508 rerba
875 1441 930 1508 καὶ
952 1440 1010 1509 οὐκ
1030 1439 1192 1530 ἀσφαλεῖς
1207 1464 1324 1527 cogno-

155 1545 255 1611 visset
281 1565 345 1610 555
375 1545 418 1609 ad
440 1537 592 1629 οἰκήσεις,
629 1545 686 1608 sed
720 1545 763 1611 ad
792 1567 832 1611 ea
852 1547 1026 1628 pertinere,
1055 1567 1140 1630 5555
1161 1554 1324 1613 secuntur.

158 1645 333 1712 Confundit
360 1648 489 1713 nomina
511 1648 653 1731 propria,
685 1646 774 1712 velut
809 1647 893 1733 (VII,
918 1648 1009 1723 1246,
1033 1648 1053 1713 8
1080 1682 1112 1706 :-
1139 1648 1196 1713 Th.
1219 1649 1244 1726 I,
1267 1651 1324 1730 59)

153 1740 349 1831 Ἀθηναίους
370 1769 428 1833 pro
440 1745 641 1833 Κορινθίους
663 1750 766 1833 ponit,
788 1749 982 1833 glossemata
1003 1751 1036 1814 in
1059 1757 1183 1816 textum
1197 1752 1323 1835 recipit,

156 1851 254 1919 semel
275 1852 372 1918 etiam
395 1850 560 1934 complura
581 1850 695 1917 scholii
716 1852 814 1918 verba
835 1853 870 1916 in
890 1858 983 1917 textu
1005 1853 1212 1919 inveniuntur
1238 1854 1323 1936 (Vll,

158 1954 251 2032 1265,
272 1955 315 2020 20
333 1985 367 2007 =
386 1953 443 2018 Th.
466 1953 490 2032 Ι,
512 1954 578 2039 32).
607 1953 656 2017 Ex
672 1953 787 2019 ceteris
801 1953 1006 2020 librariorum
1028 1956 1123 2033 vitiis,
1146 1975 1229 2038 quae
1250 1977 1326 2037 per-

155 2055 259 2121 mults
280 2057 368 2140 apud
383 2077 455 2122 eum
469 2057 685 2134 inveniuntur,
707 2056 866 2138 imprimis
888 2077 927 2123 55
948 2064 1025 2123 5551
1039 2059 1325 2134 commemoranda,

157 2178 241 2241 5555
270 2157 356 2224 5515
384 2159 646 2241 pronuntiatione
668 2157 791 2223 librarii
814 2164 887 2224 orta
908 2160 1068 2237 videntur,
1101 2160 1189 2226 velut
1210 2161 1327 2248 immu-

156 2267 270 2326 tantur
291 2284 335 2338 αι,
357 2283 382 2339 c,
404 2283 444 2338 ει,
467 2283 489 2338 ι,
512 2283 540 2345 5,
564 2282 591 2324 ο.
623 2260 788 2326 Postremo
805 2263 903 2326 etiam
918 2261 1127 2344 interpolavit
1138 2261 1323 2343 Gregorius,

156 2362 191 2428 id
220 2363 307 2446 quod
329 2383 355 2428 e.
376 2383 407 2446 g.
430 2365 456 2444 Ι,
478 2362 519 2426 29
541 2363 608 2446 (32,
629 2363 686 2448 26)
719 2365 931 2447 cognoscitur.
984 2363 1036 2428 Ibi
1064 2370 1194 2447 praeter
1223 2385 1323 2428 unum

157 2465 308 2532 omissum
330 2487 375 2544 τι,
398 2463 485 2548 quod
499 2465 597 2531 51155
607 2464 824 2548 Hermogenes
839 2467 909 2550 ipse
931 2466 993 2533 hoc
1014 2465 1085 2532 loco
1107 2465 1162 2549 (11,
1177 2467 1251 2544 421,
1269 2467 1323 2551 19)

157 2568 287 2644 5511111,
311 2568 486 2650 Gregorius
508 2574 688 2633 nostrorum
708 2569 855 2635 codicum
876 2569 1008 2634 exhibet
1024 2568 1131 2646 verba,
1154 2569 1215 2633 nisi
1239 2567 1325 2651 quod

158 2692 215 2754 pro
253 2664 367 2750 αὐτοῖς
402 2673 534 2756 scripsit
569 2666 774 2755 Κορινθίοις,
810 2672 880 2735 5155
918 2670 1016 2736 dubio
1052 2670 1131 2753 quia
1169 2669 1325 2734 lectorum

158 2774 315 2839 interesse
335 2774 464 2857 putarit
484 2774 575 2852 scire,
605 2775 737 2857 quinam
766 2778 873 2838 essent
894 2772 941 2837 illi
964 2764 1068 2839 αὐτοί.
1112 2771 1208 2837 Haud
1230 2771 1326 2836 aliter

30 2923 33 2929 .
158 2877 185 2952 I,
201 2876 242 2940 32
265 2874 331 2959 (34,
357 2876 411 2960 11)
437 2895 489 2941 res
517 2874 687 2956 sehabet,
718 2876 775 2941 ubi
797 2874 972 2958 Gregorius
995 2893 1054 2958 pro
1080 2871 1185 2951 πέλοις
1212 2873 1326 2938 scribit

154 2971 362 3064 Ἀθηναίους.
389 3015 429 3026 -

243 3080 333 3149 Haec
360 3082 392 3145 in
421 3082 603 3147 uuiversum
632 3078 870 3164 praemonenda
896 3077 1097 3143 ridebantur.
1156 3076 1230 3143 155
1258 3098 1326 3142 rem

160 3204 263 3249 meam
285 3185 332 3250 sic
352 3185 522 3250 instituere
542 3183 622 3249 mihi
644 3190 694 3250 est
715 3183 749 3246 in
771 3183 886 3259 animo,
913 3187 952 3245 51
973 3179 1158 3264 praemissis
1179 3179 1326 3245 omnibus

159 3287 352 3353 testimoniis
372 3288 415 3352 ad
437 3307 491 3353 eos
511 3285 598 3352 locos
619 3293 782 3352 transeam
803 3284 987 3351 accuratius
1008 3280 1204 3358 tractandos,
1227 3282 1284 3363 qui
1307 3301 1328 3345 5

159 3391 279 3455 nostris
312 3389 476 3455 codicibus
503 3388 688 3468 abhorrent,
722 3387 905 3471 quibusque
937 3384 1014 3468 quid
1048 3383 1253 3449 scribendum
1283 3383 1327 3448 sit

160 3491 386 3575 aliquomodo
408 3491 666 3574 dubiumpossit
698 3489 809 3556 videri.
853 3487 985 3552 Numeri
1019 3492 1129 3551 autem
1159 3490 1236 3551 sunt
1266 3484 1326 3550 ad-

160 3595 275 3678 scripti
302 3594 382 3660 locis
412 3592 642 3678 Thucydideis:
674 3591 823 3659 editionis
852 3589 951 3656 Bekk.
984 3591 1057 3654 min.
1118 3588 1328 3671 Hermogenis

161 3697 259 3764 locis:
292 3698 340 3761 ed.
370 3694 464 3761 Rhet.
496 3716 602 3778 graec.
625 3694 772 3779 Spengel.
820 3692 1030 3774 Hermogenis
1063 3688 1326 3755 scholiastarum:

162 3802 211 3865 ed.
256 3799 351 3864 Rhet.
404 3819 511 3882 graec.
556 3796 655 3862 Walz.
717 3797 883 3864 Aristidis:
932 3793 981 3859 ed.
1025 3792 1119 3856 Dind.
1176 3791 1329 3856 Aristidis

162 3901 423 3967 scholiastarum:
458 3901 506 3965 ed.
529 3899 696 3966 Frommel.
720 3906 753 3964 et
774 3898 878 3976 Dind,
912 3895 1055 3979 exceptis
1083 3893 1123 3958 iis
1148 3891 1237 3970 locis,
1271 3893 1327 3975 qui

162 4004 252 4087 apud
262 4003 489 4069 Frommelium
503 4001 606 4067 solum
620 4001 835 4066 inveniuntur.
856 3998 1030 4064 Praeterea
1046 3994 1204 4061 nonnulla
1217 3993 1329 4060 scholl.

163 4107 287 4171 inedita
309 4106 377 4172 cod.
389 4105 488 4170 Marc.
503 4104 639 4186 benigne
661 4122 784 4167 mecum
801 4096 1329 4168 communicavitWilamowitzins.

162 4206 387 4292 Aristophanis
409 4205 525 4273 scholl:
547 4204 768 4270 ed.Duebner.
783 4204 908 4268 ratione
922 4202 1036 4268 habita
1055 4220 1209 4267 novarum
1231 4195 1330 4263 colla·

163 4310 288 4376 tionum
310 4309 378 4376 cod.
401 4309 595 4374 Ravennatis
622 4319 656 4372 et
676 4306 791 4372 Veneti
819 4305 862 4372 ad
891 4326 1013 4390 pacem,
1047 4322 1129 4387 quas
1159 4300 1331 4366 ediderunt

163 4411 299 4478 Martio:
332 4410 381 4478 les
412 4410 526 4478 scolies
558 4409 598 4475 de
630 4409 809 4476 manuscrit
841 4405 1089 4491 d'Aristophune
1120 4404 1141 4471 t
1168 4402 1330 4469 Ravenna.
