2918 4770
660 239 702 304 27

97 437 208 498 autem
233 428 384 494 redditur
406 427 511 494 solum
539 448 598 512 per
620 426 887 493 συναναδεῖσθαι.
931 427 1107 493 Praeterea
1128 446 1275 509 compro-

97 535 195 600 batur
216 532 298 599 haec
320 532 485 616 scriptura
506 528 701 599 scholiastae
722 529 829 595 verbis
849 529 916 595 his:
942 525 1108 615 κρωβύλος
1128 526 1164 594 δέ
1186 525 1275 594 ἐστιν

97 627 187 713 εἶδος
208 632 397 717 πλέγματος
419 638 485 698 τῶν
507 635 633 718 τριχῶν,
664 625 734 695 ἀπὸ
756 628 916 715 ἑκατέρων
945 625 994 710 εἰς
1015 623 1071 713 ὀξὺ
1094 624 1275 717 ἀπολῆγον.

97 737 207 804 Verba
217 735 343 815 ultima,
355 731 403 814 εἷς
424 728 480 817 ὀξὺ
491 730 669 822 ἀπολῆγον,
685 733 827 800 scribere
841 755 903 799 non
917 734 1077 820 potuisset
1090 732 1276 811 scholiasta,

97 841 160 907 nisi
167 838 366 926 Thucydidis
380 838 486 907 verbis
507 837 594 904 idem
615 836 680 902 iem
694 836 853 915 infuisset,
875 837 910 900 in
925 858 1025 902 unum
1040 835 1192 902 collectos
1207 855 1277 901 esso

98 943 213 1021 crines,
237 961 314 1025 ergo
336 941 399 1007 nisi
412 940 544 1024 legebat
564 932 847 1022 συναναδούμενοι.
890 938 1005 1023 ltaque
1026 939 1088 1005 hoo
1102 940 1277 1005 restituen-

98 1043 177 1110 dum
197 1049 288 1128 puto.

185 1162 336 1231 (lotorum
358 1162 399 1228 ds
420 1161 524 1228 forma
544 1160 632 1227 illius
655 1160 777 1247 crobyli
807 1169 900 1228 vetus
928 1169 979 1228 cst
1007 1163 1164 1228 dissensio
1191 1163 1276 1227 iuter

99 1265 244 1335 homines
265 1264 416 1350 doctosl)
442 1285 548 1348 neque
568 1271 649 1349 puto
672 1265 752 1330 certi
774 1265 952 1349 quidquam
979 1266 1020 1331 de
1050 1285 1205 1350 esposse
1226 1265 1276 1328 in-

99 1367 212 1439 veniri.
255 1367 349 1447 Quod
371 1387 444 1433 cum
464 1368 529 1433 iam
551 1368 624 1450 ipsa
653 1367 851 1433 dissensione
879 1374 1009 1433 vetusto
1039 1367 1275 1452 comprobatur,

100 1478 172 1541 tum
193 1470 313 1547 omnia,
341 1490 426 1553 queo
448 1469 652 1552 grammatici
685 1469 808 1554 aliique
841 1469 882 1536 de
912 1470 1044 1553 orobylo
1064 1469 1212 1535 referunt
1233 1469 1277 1534 ad

99 1571 188 1641 hunc
212 1571 411 1657 Thucydidis
444 1570 551 1638 locum
580 1572 689 1638 redire
722 1572 884 1650 videntur,
915 1594 1020 1656 neque
1049 1593 1135 1639 uuus
1166 1592 1276 1639 eorum

101 1674 335 1742 accuratiorem
359 1674 610 1761 descriptionem
632 1682 709 1740 ante
737 1672 847 1740 oculos
865 1673 1010 1742 habebat
1032 1676 1169 1741 alicuius
1189 1682 1276 1741 vste-

100 1798 183 1855 rum,
214 1777 272 1860 qui
294 1777 364 1861 ipse
387 1776 524 1855 videret,
547 1778 708 1861 quomodo
731 1784 938 1861 comparatus
961 1777 1061 1844 fuerit
1086 1778 1141 1843 illo
1164 1778 1275 1844 cirrus.

100 1878 172 1946 Non
192 1879 293 1964 igitur
314 1879 388 1963 plus
410 1879 451 1945 dc
473 1878 605 1961 crobylo
628 1878 784 1956 sciebant,
813 1900 911 1963 qnam
933 1901 1000 1958 nos,
1031 1882 1088 1946 sed
1116 1882 1278 1964 interpre-

102 1981 202 2048 tando
231 1982 361 2048 demum
391 2002 445 2047 eos
473 1980 572 2058 locos,
606 1981 725 2065 quibus
753 2002 774 2047 a
802 1982 965 2048 veteribus
984 1983 1018 2048 iu
1040 1983 1276 2067 praetereundo

103 2086 197 2170 quusi
220 2091 491 2152 commemoratur
523 2083 627 2167 (locos
650 2083 782 2168 collegit
803 2083 841 2148 K.
863 2084 898 2150 F.
922 2085 1085 2151 Hermann
1107 2085 1190 2150 Priv.
1213 2085 1277 2151 Alt.

102 2192 132 2270 ξ.
153 2189 205 2267 23,
238 2187 303 2272 11),
347 2184 520 2253 verisimile
566 2186 690 2270 aliquid
733 2187 877 2270 reperire
916 2188 1100 2254 studebant.
1160 2187 1277 2272 ltaque

101 2291 353 2375 unumquisque
374 2288 436 2355 sibi
451 2288 573 2355 habeat
595 2289 636 2354 de
652 2289 782 2376 crobylo
797 2287 994 2373 opinionem:
1016 2291 1122 2375 qualis
1144 2312 1180 2356 re
1201 2311 1278 2356 vera

100 2392 201 2458 fuerit
221 2392 438 2459 demonstrari
461 2392 584 2475 nequit

188 2510 215 2576 1.
237 2511 267 2576 8.
309 2512 371 2592 (19,
394 2511 450 2592 34)
481 2510 758 2595 συντεθαμμένων
791 2513 886 2598 Greg.
922 2513 993 2581 cod.
1025 2513 1110 2578 Mon.
1167 2534 1274 2578 συντε-

101 2679 270 2765 θαμμὲνοι
303 2683 398 2764 Greg.
428 2688 502 2748 cett.
535 2684 605 2751 cod.
638 2634 901 2772 ovrceduppdrhh
933 2685 970 2749 A.
1013 2684 1276 2774 συντεθαμμένηι

102 2792 178 2852 cett.
203 2785 296 2853 codd

184 2905 231 2972 Ut
250 2904 472 2988 intelligamus
493 2905 572 2989 quid
586 2908 755 2992 scripserit
768 2909 984 2995 Thucydides,
1006 2910 1089 2975 scire
1112 2932 1194 2995 opus
1216 2918 1276 2992 est,

100 3007 182 3093 quid
216 3009 261 3075 sit
296 3003 392 3093 σκειὴ
420 3011 485 3071 τῶν
506 3001 617 3073 ὅπλων
675 3010 781 3096 Vulgo
812 3013 952 3078 vertitur
986 3011 1050 3079 hoc
1078 3012 1150 3079 loco
1181 3010 1278 3101 σκευή

100 3130 162 3194 per
182 3110 383 3192 „Riistung“‚
405 3110 462 3176 sed
484 3109 547 3176 hoc
562 3120 688 3178 rectum
710 3134 779 3180 esse
801 3136 864 3178 uon
882 3121 999 3198 potest,
1023 3117 1100 3198 quia
1121 3122 1191 3181 tum
1213 3138 1277 3182 non

100 3211 311 3295 intellegitur,
334 3233 395 3278 neo
410 3233 468 3278 cnr
480 3216 545 3276 τῶν
560 3208 671 3279 ὅπλων
687 3216 835 3281 additum
858 3217 911 3295 sit,
935 3238 995 3282 nec
1013 3219 1173 3301 quomodo
1188 3213 1278 3286 ὅπλα

100 3321 136 3380 et
157 3309 254 3402 σκευή
275 3315 360 3380 inter
381 3319 417 3380 se
438 3314 601 3381 differant.
645 3318 721 3384 Moe
742 3319 873 3403 quidem
905 3319 1067 3384 sententia
1098 3323 1194 3409 σκευή
1228 3331 1278 3390 est

101 3418 205 3484 omnis
226 3437 279 3484 res
301 3424 380 3501 epto
401 3417 444 3483 cd
467 3417 608 3501 aliquem
631 3420 682 3486 vel
703 3420 827 3505 aliquid
841 3421 1067 3487 instruendum
1089 3444 1146 3490 seu
1161 3444 1277 3491 ornan-

102 3621 145 3686 de
166 3619 315 3700 militnm,
347 3642 512 3706 equorum,
546 3624 677 3690 navium
698 3632 871 3711 apparatu,
905 3649 1010 3711 neque
1038 3623 1149 3694 ὅπλων
1178 3630 1273 3716 σκευή

102 3721 193 3790 eliud
214 3723 393 3807 quidquam
415 3731 465 3791 est
485 3731 586 3810 etque
609 3747 772 3794 armorum
794 3736 983 3815 apparatus,
1006 3738 1040 3796 et
1055 3731 1153 3798 Cares
1174 3754 1276 3816 ogno-

102 3823 277 3892 scebentur
301 3824 365 3891 hoc
387 3847 550 3893 armorum
577 3837 748 3913 apparatu,
779 3832 813 3897 id
841 3833 927 3916 quod
956 3839 1027 3899 tum
1055 3835 1183 3900 demum
1204 3835 1275 3901 fieri

101 3928 220 4013 potuit,
252 3949 324 3993 cum
358 3937 538 4013 apparatus
571 3953 735 4000 armorum
767 3935 942 4018 singularis
975 3934 1047 4001 fuit.
1106 3937 1275 4004 Diversum

102 4036 214 4096 sutem
241 4029 342 4097 fuisse
372 4031 491 4098 Carum
522 4041 555 4098 et
581 4033 778 4104 Graecorum
804 4060 967 4106 armorum
995 4038 1144 4106 habitum
1174 4041 1275 4108 refert
1400 4085 1403 4089 -

190 4255 212 4326 ¹)
230 4254 286 4310 Cir.
305 4255 462 4326 Schrsiber,
490 4257 541 4312 der
568 4258 689 4315 ettischo
710 4260 850 4332 Krobylos
885 4263 1112 4335 (Mittheiluugen
1139 4266 1188 4321 des
1215 4268 1273 4323 eth.

100 4343 199 4489 120ng
215 4345 292 4415 1888)
311 4361 339 4415 p.
358 4347 420 4414 267,
437 4345 550 4417 Helbig,
568 4345 673 4403 Comm.
691 4349 820 4406 Momms.
838 4368 867 4422 p.
882 4353 943 4420 616,
962 4353 1023 4406 Birt
1041 4351 1095 4408 Rh.
1115 4355 1184 4409 Mus.
1206 4358 1274 4412 1878

100 4449 128 4509 p,
199 4471 208 4486 .
