2918 4770
722 242 765 306 54

159 425 371 504 enuntiatum,
402 424 460 490 sed
487 425 530 491 ad
559 446 597 491 ea
624 427 778 508 referunt,
816 451 902 514 quae
930 429 970 495 de
1002 425 1329 493 Lacedaemoniorum

158 526 345 593 calamitate
367 535 465 593 antea
485 528 575 593 dicta
596 536 681 607 sunt,
705 531 791 614 quod
814 533 945 615 quidem
966 531 1098 614 Steupio
1121 535 1156 595 et
1177 527 1329 594 Classeuo

158 631 346 695 auctoribus
360 630 491 695 minime
506 628 585 693 mihi
600 631 767 714 probatur.
812 634 964 718 Steupius
978 634 1048 717 ipse
1063 636 1169 697 mutat
1183 621 1330 694 ἀδύνατα

157 732 192 795 in
214 724 351 816 tamea
374 731 545 797 (ll-essenus
568 726 653 798 diora
674 734 708 796 in
722 728 805 812 ὅλως
825 757 870 813 τε,
893 735 951 800 sed
973 735 1054 799 haec
1076 733 1173 799 verba
1195 752 1231 797 re
1252 752 1330 797 vera

157 832 386 917 aThucydide
408 854 477 899 esse
499 835 623 919 scripta
655 842 829 920 propterea
856 837 1028 903 verisimile
1057 855 1121 900 non
1150 839 1208 914 est,
1241 833 1330 916 quod

160 935 242 1001 alias
276 935 364 1019 apud
397 936 616 1020 Thucydidem
650 958 713 1003 nou
746 940 961 1004 inveniuntur.
1019 937 1164 1002 Aliorum
1200 956 1331 1020 quoque

156 1037 323 1104 hominum
347 1039 514 1104 doctorum
531 1041 735 1106 coniecturae
752 1062 824 1109 cum
850 1063 913 1106 non
928 1040 1133 1124 recipiendae
1147 1039 1330 1118 rideantur,

157 1139 223 1206 alia
252 1148 301 1206 est
326 1142 378 1206 via
406 1141 601 1225 indaganda.
646 1143 823 1210 Scitissime
854 1149 963 1208 autem
987 1141 1139 1226 Steupius
1169 1140 1330 1224 exposuit,

158 1243 318 1325 quomodo
350 1242 447 1308 huius
479 1246 637 1310 enuntiati
668 1246 846 1310 sententiae
874 1244 1049 1310 collocatae
1077 1244 1143 1309 sint
1165 1248 1330 1326 oporteat:

159 1345 238 1422 „der
259 1343 549 1410 Waffenstillstand
572 1347 631 1411 mit
652 1346 756 1429 Argos
778 1367 844 1411 war
865 1347 986 1412 scinem
1008 1345 1098 1410 Ende
1120 1344 1213 1423 nahe,
1247 1343 1331 1410 ohne

158 1445 234 1511 dass
266 1439 421 1513 Aussicht
450 1447 509 1512 auf
535 1469 560 1514 s.
594 1449 805 1531 Erneuerung
838 1470 919 1525 war;
957 1448 1074 1532 Sparta
1106 1446 1226 1513 befand
1259 1444 1331 1511 sich

158 1548 258 1614 schon
288 1548 393 1614 durch
422 1551 484 1614 den
517 1550 678 1616 attischen
700 1550 799 1633 Krieg
831 1551 864 1614 iu
896 1550 971 1616 sehr
1005 1550 1203 1633 bedr'eingter
1224 1548 1331 1632 Lage,

159 1650 284 1716 daher
305 1672 370 1716 war
392 1653 442 1716 ein
466 1651 704 1735 gleichzeitigen
725 1652 825 1734 Krieg
846 1653 906 1717 mit
927 1652 1031 1735 Argos
1058 1652 1125 1716 und
1147 1650 1255 1716 Athen
1276 1649 1331 1715 fiir
1384 1718 1390 1730 ,

159 1773 193 1817 es
215 1753 410 1835 unmdglich.
453 1754 497 1818 Es
524 1760 646 1819 musste
675 1753 743 1819 also
773 1775 830 1819 vor
853 1749 937 1819 ὥστε
959 1753 1027 1818 κτλ.
1049 1752 1133 1819 noch
1156 1751 1274 1818 einmal
1296 1752 1330 1817 in

158 1853 273 1936 irgend
294 1855 383 1919 einer
397 1855 503 1920 Weise
525 1854 584 1920 auf
603 1855 656 1920 die
669 1855 847 1939 bedr'atugte
862 1857 949 1940 Lago
967 1856 1101 1940 Spartae
1116 1856 1330 1939 hingewiesen

158 1956 308 2022 werden“
330 1957 432 2045 (282).
478 1959 571 2037 Quod
585 1959 636 2023 his
651 1957 758 2023 verbis
773 1958 842 2024 vult
854 1957 1005 2043 Steupius
1027 1959 1097 2023 sine
1117 1958 1184 2024 ullo
1199 1959 1331 2042 negotio

160 2057 326 2136 efficietur,
366 2061 394 2124 si
429 2061 528 2126 verba
567 2057 715 2126 ὥστε-
737 2059 895 2143 πολεμεῖν
927 2061 1220 2145 transposuerimus
1255 2055 1354 2146 post

159 2154 241 2244 ὅπερ
274 2159 330 2226 καὶ
363 2159 498 2245 ἐγένετο.
557 2163 650 2241 Quod
683 2164 711 2229 si
742 2164 864 2229 factum
896 2165 959 2228 erit
992 2163 1113 2247 optime
1145 2161 1332 2230 cohaerebit

160 2257 244 2328 ὅστε
265 2265 333 2328 κτλ.
356 2286 429 2330 cum
449 2265 556 2330 verbis
578 2287 662 2348 quae
683 2266 889 2344 antecedunt,
912 2265 1018 2330 verbis
1041 2266 1125 2329 enim
1146 2265 1213 2328 ruia
1236 2286 1274 2329 τε
1296 2261 1331 2329 ἐν

159 2402 199 2412 -
222 2351 346 2448 e‘ya'rau'o
374 2388 486 2432 reuera
513 2367 715 2451 significatur
750 2369 825 2446 „die
851 2368 1031 2451 hedr'augte
1052 2367 1140 2449 Lago
1162 2366 1330 2450 sparteo,

159 2488 262 2550 neque
284 2469 460 2552 quidquam
482 2477 653 2554 praeterea
683 2471 874 2537 mutandum
903 2470 953 2536 vel
975 2469 1147 2535 delendum
1179 2489 1248 2534 esse
1270 2489 1331 2553 ap-

158 2570 296 2653 parebit.

243 2674 316 2740 Iure
339 2697 467 2760 quoque
496 2675 665 2742 offendisse
692 2677 819 2743 videtur
841 2676 993 2760 Steupius
1014 2675 1052 2754 V,
1078 2677 1127 2755 15,
1150 2676 1171 2740 2
1192 2668 1329 2760 ἤρξαντο

157 2773 218 2858 μὲν
239 2767 296 2841 οὖν
318 2776 372 2842 καὶ
394 2773 494 2858 εὐθὺς
514 2774 598 2861 μετὰ
617 2776 675 2866 τὴν
697 2775 819 2844 ἅλωσιν
841 2772 949 2843 αὐτῶν
976 2773 1145 2862 πράσσειν.
1189 2777 1330 2852 Demon-

159 2885 244 2944 strat
266 2881 513 2965 enimSteupius
536 2882 628 2966 (287)
650 2883 731 2947 satis
746 2881 856 2947 multis
877 2880 966 2960 locis,
990 2881 1071 2948 alias
1093 2902 1218 2964 semper
1240 2881 1330 2962 apud

160 2980 380 3067 Thucydidem
415 2984 607 3051 vocabulum
649 2980 772 3062 ἅλωσις
806 2983 988 3067 significare
1023 3004 1086 3049 non
1123 2982 1330 3064 „Gefaugeu-

160 3083 343 3168 nehmung“
365 3088 423 3153 sed
445 3089 686 3172 „Eroherung“.
731 3087 801 3166 Quo
824 3108 896 3152 cum
911 3086 1055 3164 accedat,
1078 3087 1218 3169 priorem
1239 3083 1331 3150 illam

160 3189 354 3254 senteutiam
375 3192 500 3256 omnino
522 3211 656 3274 perraro
677 3190 808 3256 subesse
836 3188 913 3253 huic
935 3186 1090 3253 vocabulo
1124 3187 1227 3274 (velut
1246 3185 1330 3252 Plat.

159 3287 242 3373 legg.
265 3293 327 3358 920
350 3295 403 3378 A),
436 3315 498 3358 non
521 3294 644 3372 dubito,
676 3293 754 3377 quin
782 3298 892 3357 nostro
920 3310 1050 3373 quoque
1074 3290 1146 3357 loco
1168 3288 1331 3356 sententia

160 3393 284 3460 usitata
304 3397 347 3460 sit
368 3395 577 3460 restituenda.
620 3395 722 3473 Quem
748 3394 791 3458 ad
819 3392 914 3458 finem
941 3400 1047 3458 mutes
1075 3400 1204 3458 tantum
1224 3386 1331 3456 αὐτῶν

159 3495 193 3559 in
215 3489 329 3574 αὐτοῖς
358 3499 457 3581 (quae
477 3496 674 3581 perfaciles
701 3497 835 3562 librario
864 3496 1029 3560 immutari
1050 3496 1251 3579 potuerunt),
1282 3495 1332 3559 ita

160 3605 197 3662 ut
220 3598 261 3662 ad
284 3594 404 3664 ἅλωσιν
422 3599 639 3683 supplendum
660 3602 717 3686 τῆς
740 3594 837 3686 νήσου
860 3606 893 3664 et
907 3599 1098 3665 vertendum
1119 3599 1179 3664 sit:
1201 3595 1331 3677 „insula

160 3707 346 3783 expugnata
377 3703 487 3766 atatim
519 3722 630 3766 eorum
661 3721 791 3767 causam
820 3701 918 3785 agere
946 3706 1150 3784 coeperunnt
1195 3699 1331 3782 Saepius

161 3810 268 3866 autem
291 3803 378 3887 apud
400 3804 620 3889 Thucydidem
642 3798 803 3888 πράσσειν
824 3799 892 3868 τινί
912 3802 1085 3890 („alicuius
1107 3825 1173 3868 rem
1197 3803 1330 3888 agere⁸‘)

160 3906 321 3988 usurpari,
351 3905 446 3971 facile
468 3907 635 3990 intelleges
658 3929 697 3971 ex
717 3905 806 3983 locis,
836 3926 916 3988 quos
938 3906 1123 3989 Kruegerus
1146 3904 1276 3988 collegit
1296 3905 1329 3968 in

160 4007 266 4072 indice
288 4029 312 4073 s.
335 4031 364 4072 v.
388 4005 554 4095 πράσσειν.

245 4109 411 4175 Postremo
435 4133 526 4196 capp.
551 4112 591 4176 16
615 4116 648 4175 et
664 4112 702 4175 17
726 4115 797 4177 tota
819 4110 1044 4193 interpolatori
1066 4108 1240 4174 tribuenda
1261 4127 1331 4174 esse

161 4218 257 4297 putat
279 4213 439 4297 Steupius.
483 4215 591 4296 Atque
622 4213 763 4297 primum
794 4212 925 4294 quidem
959 4212 1057 4277 verba
1079 4206 1097 4276 ὁ
1117 4208 1178 4293 μὲν
1210 4206 1265 4274 διὰ
1291 4206 1330 4275 τὸ

158 4309 304 4394 εὐτυχεῖν
331 4339 367 4380 τε
395 4311 451 4380 καὶ
472 4318 638 4395 τιμᾶσθαι
670 4312 705 4379 ἐκ
727 4318 785 4380 τοῦ
809 4313 977 4407 πολεμεῖν,
1007 4313 1125 4397 quibus
1148 4314 1329 4397 exponitur,

135 4423 349 4495 quapropter
366 4417 529 4484 Brasidas
555 4417 632 4486 belli
654 4418 756 4486 fuerit
776 4437 902 4496 suasor,
932 4438 972 4482 ea
998 4417 1040 4482 de
1060 4435 1159 4482 eausa
1178 4415 1331 4498 Steupius
