<?xml version="1.0" encoding="UTF-8"?>
<!DOCTYPE html PUBLIC "-//W3C//DTD XHTML 1.0 Transitional//EN"
    "http://www.w3.org/TR/xhtml1/DTD/xhtml1-transitional.dtd">
<html xmlns="http://www.w3.org/1999/xhtml" xml:lang="en" lang="en">
 <head>
  <title>
</title>
<meta http-equiv="Content-Type" content="text/html;charset=utf-8" />
  <meta name='ocr-system' content='tesseract 3.04.00' />
  <meta name='ocr-capabilities' content='ocr_page ocr_carea ocr_par ocr_line ocrx_word'/>
</head>
<body>
  <div class='ocr_page' id='page_1' title='image "./thucydidishisto00schrgoog_0058.png"; bbox 0 0 2918 4770; ppageno 0'>
   <div class='ocr_carea' id='block_1_1' title="bbox 698 225 740 290">
    <p class='ocr_par' dir='ltr' id='par_1_1' title="bbox 698 225 740 290">
     <span class='ocr_line' id='line_1_1' title="bbox 698 225 740 290; baseline 0 0"><span class='ocrx_word' id='word_1_1' title='bbox 698 225 740 290; x_wconf 88' lang='lat'><strong>53</strong></span> 
     </span>
    </p>
   </div>
   <div class='ocr_carea' id='block_1_2' title="bbox 77 409 1315 2338">
    <p class='ocr_par' dir='ltr' id='par_1_2' title="bbox 136 409 1312 1315">
     <span class='ocr_line' id='line_1_2' title="bbox 136 409 1308 497; baseline -0.004 -15"><span class='ocrx_word' id='word_1_2' title='bbox 136 414 234 482; x_wconf 86' lang='lat' dir='ltr'><strong>tionis</strong></span> <span class='ocrx_word' id='word_1_3' title='bbox 249 413 443 479; x_wconf 81' lang='lat' dir='ltr'>mentionem</span> <span class='ocrx_word' id='word_1_4' title='bbox 457 411 587 479; x_wconf 79' lang='lat' dir='ltr'><strong>fecisset</strong></span> <span class='ocrx_word' id='word_1_5' title='bbox 596 411 810 497; x_wconf 90' lang='lat' dir='ltr'><strong>Thucydides,</strong></span> <span class='ocrx_word' id='word_1_6' title='bbox 831 431 937 478; x_wconf 87' lang='lat' dir='ltr'><strong>nonne</strong></span> <span class='ocrx_word' id='word_1_7' title='bbox 951 415 1125 496; x_wconf 90' lang='lat' dir='ltr'><strong>propterea</strong></span> <span class='ocrx_word' id='word_1_8' title='bbox 1145 411 1180 476; x_wconf 91' lang='lat' dir='ltr'><strong>id</strong></span> <span class='ocrx_word' id='word_1_9' title='bbox 1195 409 1308 477; x_wconf 90' lang='lat' dir='ltr'><strong>fecisse</strong></span> 
     </span>
     <span class='ocr_line' id='line_1_3' title="bbox 136 513 1309 599; baseline -0.004 -16"><span class='ocrx_word' id='word_1_10' title='bbox 136 518 308 594; x_wconf 83' lang='lat' dir='ltr'><strong>videretur,</strong></span> <span class='ocrx_word' id='word_1_11' title='bbox 332 515 419 599; x_wconf 91' lang='lat' dir='ltr'><strong>quod</strong></span> <span class='ocrx_word' id='word_1_12' title='bbox 440 514 510 579; x_wconf 90' lang='lat' dir='ltr'><strong>sine</strong></span> <span class='ocrx_word' id='word_1_13' title='bbox 531 513 629 579; x_wconf 94' lang='lat' dir='ltr'><strong>dubio</strong></span> <span class='ocrx_word' id='word_1_14' title='bbox 644 514 810 597; x_wconf 77' lang='lat' dir='ltr'><strong>proximae</strong></span> <span class='ocrx_word' id='word_1_15' title='bbox 831 513 919 579; x_wconf 91' lang='lat' dir='ltr'><strong>illius</strong></span> <span class='ocrx_word' id='word_1_16' title='bbox 934 514 1111 579; x_wconf 82' lang='lat' dir='ltr'><strong>occasionis</strong></span> <span class='ocrx_word' id='word_1_17' title='bbox 1132 513 1175 579; x_wconf 91' lang='lat' dir='ltr'><strong>ad</strong></span> <span class='ocrx_word' id='word_1_18' title='bbox 1195 534 1309 597; x_wconf 92' lang='lat' dir='ltr'><strong>pacem</strong></span> 
     </span>
     <span class='ocr_line' id='line_1_4' title="bbox 136 614 1311 701; baseline -0.003 -16"><span class='ocrx_word' id='word_1_19' title='bbox 136 618 318 685; x_wconf 86' lang='lat' dir='ltr'><strong>faciendam</strong></span> <span class='ocrx_word' id='word_1_20' title='bbox 333 617 524 701; x_wconf 85' lang='lat' dir='ltr'><strong>plerumque</strong></span> <span class='ocrx_word' id='word_1_21' title='bbox 538 614 703 681; x_wconf 88' lang='lat' dir='ltr'><strong>recordari</strong></span> <span class='ocrx_word' id='word_1_22' title='bbox 716 616 866 682; x_wconf 89' lang='lat' dir='ltr'><strong>solebant</strong></span> <span class='ocrx_word' id='word_1_23' title='bbox 876 615 1111 681; x_wconf 77' lang='lat' dir='ltr'><strong>Athenienses?</strong></span> <span class='ocrx_word' id='word_1_24' title='bbox 1155 617 1198 681; x_wconf 90' lang='lat' dir='ltr'><strong>At</strong></span> <span class='ocrx_word' id='word_1_25' title='bbox 1212 617 1311 683; x_wconf 85' lang='lat' dir='ltr'><strong>verba</strong></span> 
     </span>
     <span class='ocr_line' id='line_1_5' title="bbox 136 714 1311 804; baseline 0 -20"><span class='ocrx_word' id='word_1_26' title='bbox 136 715 220 803; x_wconf 79' lang='grc' dir='ltr'><strong>μετὰ</strong></span> <span class='ocrx_word' id='word_1_27' title='bbox 240 716 282 782; x_wconf 80' lang='grc' dir='ltr'><strong>τὰ</strong></span> <span class='ocrx_word' id='word_1_28' title='bbox 304 715 338 782; x_wconf 75' lang='grc' dir='ltr'><strong>ἐν</strong></span> <span class='ocrx_word' id='word_1_29' title='bbox 361 714 462 804; x_wconf 60' lang='grc' dir='ltr'><strong>Πύλῳ</strong></span> <span class='ocrx_word' id='word_1_30' title='bbox 483 719 612 784; x_wconf 91' lang='lat' dir='ltr'><strong>omuino</strong></span> <span class='ocrx_word' id='word_1_31' title='bbox 641 739 704 783; x_wconf 92' lang='lat' dir='ltr'><strong>non</strong></span> <span class='ocrx_word' id='word_1_32' title='bbox 731 720 774 782; x_wconf 90' lang='lat' dir='ltr'><strong>ad</strong></span> <span class='ocrx_word' id='word_1_33' title='bbox 797 724 918 784; x_wconf 86' lang='lat' dir='ltr'><strong>certam</strong></span> <span class='ocrx_word' id='word_1_34' title='bbox 939 719 1136 801; x_wconf 79' lang='lat' dir='ltr'><strong>legationem</strong></span> <span class='ocrx_word' id='word_1_35' title='bbox 1156 720 1311 802; x_wconf 86' lang='lat' dir='ltr'><strong>pacisque</strong></span> 
     </span>
     <span class='ocr_line' id='line_1_6' title="bbox 137 820 1310 905; baseline -0.001 -17"><span class='ocrx_word' id='word_1_36' title='bbox 137 822 305 888; x_wconf 79' lang='lat' dir='ltr'><strong>faciendae</strong></span> <span class='ocrx_word' id='word_1_37' title='bbox 343 822 553 898; x_wconf 86' lang='lat' dir='ltr'><strong>occasionem,</strong></span> <span class='ocrx_word' id='word_1_38' title='bbox 589 821 646 885; x_wconf 92' lang='lat' dir='ltr'><strong>sed</strong></span> <span class='ocrx_word' id='word_1_39' title='bbox 683 820 716 884; x_wconf 94' lang='lat' dir='ltr'><strong>in</strong></span> <span class='ocrx_word' id='word_1_40' title='bbox 757 821 944 886; x_wconf 86' lang='lat' dir='ltr'><strong>universum</strong></span> <span class='ocrx_word' id='word_1_41' title='bbox 981 820 1024 885; x_wconf 89' lang='lat' dir='ltr'><strong>ad</strong></span> <span class='ocrx_word' id='word_1_42' title='bbox 1060 820 1146 884; x_wconf 88' lang='lat' dir='ltr'><strong>illud</strong></span> <span class='ocrx_word' id='word_1_43' title='bbox 1182 827 1310 905; x_wconf 90' lang='lat' dir='ltr'><strong>tempus</strong></span> 
     </span>
     <span class='ocr_line' id='line_1_7' title="bbox 137 921 1311 1009; baseline 0 -20"><span class='ocrx_word' id='word_1_44' title='bbox 137 925 325 1009; x_wconf 87' lang='lat' dir='ltr'><strong>respiciunt,</strong></span> <span class='ocrx_word' id='word_1_45' title='bbox 348 945 412 1007; x_wconf 91' lang='lat' dir='ltr'><strong>quo</strong></span> <span class='ocrx_word' id='word_1_46' title='bbox 434 943 559 988; x_wconf 86' lang='lat' dir='ltr'><strong>summa</strong></span> <span class='ocrx_word' id='word_1_47' title='bbox 572 921 732 988; x_wconf 87' lang='lat' dir='ltr'><strong>florebant</strong></span> <span class='ocrx_word' id='word_1_48' title='bbox 754 921 858 1006; x_wconf 82' lang='lat' dir='ltr'><strong>gloria</strong></span> <span class='ocrx_word' id='word_1_49' title='bbox 882 929 915 988; x_wconf 89' lang='lat' dir='ltr'><strong>et</strong></span> <span class='ocrx_word' id='word_1_50' title='bbox 930 922 1311 989; x_wconf 88' lang='lat' dir='ltr'><strong>auctoritateAthenien-</strong></span> 
     </span>
     <span class='ocr_line' id='line_1_8' title="bbox 138 1023 1312 1109; baseline -0.001 -16"><span class='ocrx_word' id='word_1_51' title='bbox 138 1048 199 1105; x_wconf 87' lang='lat' dir='ltr'><strong>ses,</strong></span> <span class='ocrx_word' id='word_1_52' title='bbox 235 1047 307 1093; x_wconf 89' lang='lat' dir='ltr'><strong>cum</strong></span> <span class='ocrx_word' id='word_1_53' title='bbox 339 1025 478 1092; x_wconf 84' lang='lat' dir='ltr'><strong>feliciter</strong></span> <span class='ocrx_word' id='word_1_54' title='bbox 511 1025 600 1109; x_wconf 87' lang='lat' dir='ltr'><strong>apud</strong></span> <span class='ocrx_word' id='word_1_55' title='bbox 630 1023 854 1108; x_wconf 86' lang='lat' dir='ltr'><strong>Sphacteriam</strong></span> <span class='ocrx_word' id='word_1_56' title='bbox 887 1046 956 1090; x_wconf 89' lang='lat' dir='ltr'><strong>rem</strong></span> <span class='ocrx_word' id='word_1_57' title='bbox 994 1026 1175 1109; x_wconf 81' lang='lat' dir='ltr'><strong>gessissent</strong></span> <span class='ocrx_word' id='word_1_58' title='bbox 1240 1026 1312 1104; x_wconf 82' lang='lat' dir='ltr'><strong>Qua</strong></span> 
     </span>
     <span class='ocr_line' id='line_1_9' title="bbox 139 1126 1312 1214; baseline -0.001 -20"><span class='ocrx_word' id='word_1_59' title='bbox 139 1130 263 1214; x_wconf 88' lang='lat' dir='ltr'><strong>optima</strong></span> <span class='ocrx_word' id='word_1_60' title='bbox 283 1128 375 1212; x_wconf 89' lang='lat' dir='ltr'><strong>pacis</strong></span> <span class='ocrx_word' id='word_1_61' title='bbox 397 1126 564 1192; x_wconf 80' lang='lat' dir='ltr'><strong>faciendae</strong></span> <span class='ocrx_word' id='word_1_62' title='bbox 586 1127 754 1193; x_wconf 87' lang='lat' dir='ltr'><strong>occasione</strong></span> <span class='ocrx_word' id='word_1_63' title='bbox 782 1127 869 1211; x_wconf 89' lang='lat' dir='ltr'><strong>qnod</strong></span> <span class='ocrx_word' id='word_1_64' title='bbox 899 1127 951 1193; x_wconf 92' lang='lat' dir='ltr'><strong>usi</strong></span> <span class='ocrx_word' id='word_1_65' title='bbox 978 1147 1041 1192; x_wconf 91' lang='lat' dir='ltr'><strong>non</strong></span> <span class='ocrx_word' id='word_1_66' title='bbox 1073 1134 1166 1192; x_wconf 89' lang='lat' dir='ltr'><strong>erant</strong></span> <span class='ocrx_word' id='word_1_67' title='bbox 1197 1135 1312 1212; x_wconf 86' lang='lat' dir='ltr'><strong>postea</strong></span> 
     </span>
     <span class='ocr_line' id='line_1_10' title="bbox 143 1232 371 1315; baseline -0.013 -17"><span class='ocrx_word' id='word_1_68' title='bbox 143 1252 198 1298; x_wconf 90' lang='lat' dir='ltr'><strong>eos</strong></span> <span class='ocrx_word' id='word_1_69' title='bbox 220 1232 371 1315; x_wconf 82' lang='lat' dir='ltr'><strong>penituit.</strong></span> 
     </span>
    </p>

    <p class='ocr_par' dir='ltr' id='par_1_3' title="bbox 77 1320 1315 2338">
     <span class='ocr_line' id='line_1_11' title="bbox 226 1320 1312 1418; baseline -0.003 -20"><span class='ocrx_word' id='word_1_70' title='bbox 226 1334 316 1412; x_wconf 82' lang='lat' dir='ltr'><strong>Quae</strong></span> <span class='ocrx_word' id='word_1_71' title='bbox 337 1334 371 1396; x_wconf 92' lang='lat' dir='ltr'><strong>iu</strong></span> <span class='ocrx_word' id='word_1_72' title='bbox 394 1331 505 1397; x_wconf 88' lang='lat' dir='ltr'><strong>eodem</strong></span> <span class='ocrx_word' id='word_1_73' title='bbox 521 1332 628 1416; x_wconf 89' lang='lat' dir='ltr'><strong>capite</strong></span> <span class='ocrx_word' id='word_1_74' title='bbox 649 1332 715 1417; x_wconf 87' lang='lat'>(14,</span> <span class='ocrx_word' id='word_1_75' title='bbox 738 1333 773 1418; x_wconf 89' lang='lat'><strong>3)</strong></span> <span class='ocrx_word' id='word_1_76' title='bbox 795 1332 947 1415; x_wconf 85' lang='lat' dir='ltr'><strong>leguntur</strong></span> <span class='ocrx_word' id='word_1_77' title='bbox 961 1332 1059 1398; x_wconf 85' lang='lat' dir='ltr'><strong>uerba</strong></span> <span class='ocrx_word' id='word_1_78' title='bbox 1081 1326 1157 1397; x_wconf 75' lang='lat' dir='ltr'><strong>oid</strong></span> <span class='ocrx_word' id='word_1_79' title='bbox 1181 1320 1221 1396; x_wconf 79' lang='grc' dir='ltr'><strong>αὗ</strong></span> <span class='ocrx_word' id='word_1_80' title='bbox 1237 1335 1312 1396; x_wconf 91' lang='grc' dir='ltr'><strong>Λα-</strong></span> 
     </span>
     <span class='ocr_line' id='line_1_12' title="bbox 139 1430 1313 1520; baseline -0.003 -18"><span class='ocrx_word' id='word_1_81' title='bbox 139 1431 343 1518; x_wconf 81' lang='grc' dir='ltr'><strong><em>κεδαιμόνιοι</em></strong></span> <span class='ocrx_word' id='word_1_82' title='bbox 363 1471 405 1483; x_wconf 97' lang='lat'>-</span> <span class='ocrx_word' id='word_1_83' title='bbox 427 1430 641 1519; x_wconf 83' lang='grc' dir='ltr'><strong><em>νεωτερίσωσι</em></strong></span> <span class='ocrx_word' id='word_1_84' title='bbox 674 1433 873 1519; x_wconf 86' lang='lat' dir='ltr'><strong>interpolata</strong></span> <span class='ocrx_word' id='word_1_85' title='bbox 906 1441 1003 1519; x_wconf 87' lang='lat' dir='ltr'><strong>putat</strong></span> <span class='ocrx_word' id='word_1_86' title='bbox 1037 1435 1199 1520; x_wconf 85' lang='lat' dir='ltr'><strong>Steupius,</strong></span> <span class='ocrx_word' id='word_1_87' title='bbox 1240 1456 1313 1500; x_wconf 91' lang='lat' dir='ltr'><strong>cum</strong></span> 
     </span>
     <span class='ocr_line' id='line_1_13' title="bbox 140 1536 1313 1623; baseline -0.002 -19"><span class='ocrx_word' id='word_1_88' title='bbox 140 1539 249 1606; x_wconf 90' lang='lat' dir='ltr'><strong>notius</strong></span> <span class='ocrx_word' id='word_1_89' title='bbox 278 1537 378 1602; x_wconf 88' lang='lat' dir='ltr'><strong>fuerit</strong></span> <span class='ocrx_word' id='word_1_90' title='bbox 399 1537 725 1602; x_wconf 85' lang='lat' dir='ltr'><strong>Lacedaemoniorum</strong></span> <span class='ocrx_word' id='word_1_91' title='bbox 754 1538 846 1620; x_wconf 85' lang='lat' dir='ltr'><strong>pacis</strong></span> <span class='ocrx_word' id='word_1_92' title='bbox 868 1538 1020 1617; x_wconf 87' lang='lat' dir='ltr'><strong>studium,</strong></span> <span class='ocrx_word' id='word_1_93' title='bbox 1054 1559 1153 1623; x_wconf 90' lang='lat' dir='ltr'><strong>quam</strong></span> <span class='ocrx_word' id='word_1_94' title='bbox 1185 1543 1223 1603; x_wconf 90' lang='lat' dir='ltr'><strong>ut</strong></span> <span class='ocrx_word' id='word_1_95' title='bbox 1251 1536 1313 1602; x_wconf 89' lang='lat' dir='ltr'><strong>hoc</strong></span> 
     </span>
     <span class='ocr_line' id='line_1_14' title="bbox 140 1638 1314 1727; baseline -0.003 -20"><span class='ocrx_word' id='word_1_96' title='bbox 140 1641 212 1707; x_wconf 92' lang='lat' dir='ltr'><strong>loco</strong></span> <span class='ocrx_word' id='word_1_97' title='bbox 233 1638 367 1706; x_wconf 90' lang='lat' dir='ltr'><strong>uberius</strong></span> <span class='ocrx_word' id='word_1_98' title='bbox 395 1639 436 1704; x_wconf 91' lang='lat' dir='ltr'><strong>de</strong></span> <span class='ocrx_word' id='word_1_99' title='bbox 466 1660 505 1704; x_wconf 86' lang='lat' dir='ltr'><strong>ea</strong></span> <span class='ocrx_word' id='word_1_100' title='bbox 534 1660 569 1703; x_wconf 89' lang='lat' dir='ltr'><strong>re</strong></span> <span class='ocrx_word' id='word_1_101' title='bbox 591 1639 777 1722; x_wconf 85' lang='lat' dir='ltr'><strong>disputaret</strong></span> <span class='ocrx_word' id='word_1_102' title='bbox 797 1638 1003 1725; x_wconf 84' lang='lat' dir='ltr'><strong>Thucydides</strong></span> <span class='ocrx_word' id='word_1_103' title='bbox 1025 1641 1128 1727; x_wconf 78' lang='lat'>(279).</span> <span class='ocrx_word' id='word_1_104' title='bbox 1171 1640 1216 1704; x_wconf 90' lang='lat' dir='ltr'><strong>At</strong></span> <span class='ocrx_word' id='word_1_105' title='bbox 1241 1659 1314 1704; x_wconf 87' lang='lat' dir='ltr'><strong>mea</strong></span> 
     </span>
     <span class='ocr_line' id='line_1_15' title="bbox 77 1734 1314 1827; baseline -0.002 -19"><span class='ocrx_word' id='word_1_106' title='bbox 77 1734 81 1741; x_wconf 67' lang='grc'><strong>’</strong></span> <span class='ocrx_word' id='word_1_107' title='bbox 141 1742 272 1827; x_wconf 89' lang='lat' dir='ltr'><strong>quidem</strong></span> <span class='ocrx_word' id='word_1_108' title='bbox 294 1742 456 1808; x_wconf 88' lang='lat' dir='ltr'><strong>sententia</strong></span> <span class='ocrx_word' id='word_1_109' title='bbox 476 1741 510 1806; x_wconf 93' lang='lat' dir='ltr'><strong>id</strong></span> <span class='ocrx_word' id='word_1_110' title='bbox 531 1742 647 1825; x_wconf 90' lang='lat' dir='ltr'><strong>ipsum,</strong></span> <span class='ocrx_word' id='word_1_111' title='bbox 670 1741 758 1824; x_wconf 91' lang='lat' dir='ltr'><strong>quod</strong></span> <span class='ocrx_word' id='word_1_112' title='bbox 770 1741 1096 1808; x_wconf 87' lang='lat' dir='ltr'><strong>Lacedaemoniorum</strong></span> <span class='ocrx_word' id='word_1_113' title='bbox 1111 1742 1201 1827; x_wconf 90' lang='lat' dir='ltr'><strong>pacis</strong></span> <span class='ocrx_word' id='word_1_114' title='bbox 1224 1761 1314 1808; x_wconf 90' lang='lat' dir='ltr'><strong>amor</strong></span> 
     </span>
     <span class='ocr_line' id='line_1_16' title="bbox 141 1843 1314 1930; baseline 0 -20"><span class='ocrx_word' id='word_1_115' title='bbox 141 1846 327 1911; x_wconf 89' lang='lat' dir='ltr'><strong>notissimus</strong></span> <span class='ocrx_word' id='word_1_116' title='bbox 354 1843 426 1921; x_wconf 88' lang='lat' dir='ltr'><strong>fuit,</strong></span> <span class='ocrx_word' id='word_1_117' title='bbox 458 1843 647 1926; x_wconf 82' lang='lat' dir='ltr'><strong>grauissima</strong></span> <span class='ocrx_word' id='word_1_118' title='bbox 674 1865 773 1910; x_wconf 86' lang='lat' dir='ltr'><strong>causa</strong></span> <span class='ocrx_word' id='word_1_119' title='bbox 802 1851 851 1910; x_wconf 89' lang='lat' dir='ltr'><strong>est</strong></span> <span class='ocrx_word' id='word_1_120' title='bbox 880 1847 967 1928; x_wconf 91' lang='lat' dir='ltr'><strong>quod</strong></span> <span class='ocrx_word' id='word_1_121' title='bbox 996 1847 1064 1911; x_wconf 91' lang='lat' dir='ltr'><strong>eius</strong></span> <span class='ocrx_word' id='word_1_122' title='bbox 1092 1845 1155 1911; x_wconf 90' lang='lat' dir='ltr'><strong>hoc</strong></span> <span class='ocrx_word' id='word_1_123' title='bbox 1185 1865 1314 1930; x_wconf 89' lang='lat' dir='ltr'><strong>quoque</strong></span> 
     </span>
     <span class='ocr_line' id='line_1_17' title="bbox 141 1945 1314 2031; baseline 0 -19"><span class='ocrx_word' id='word_1_124' title='bbox 141 1948 212 2013; x_wconf 91' lang='lat' dir='ltr'><strong>loco</strong></span> <span class='ocrx_word' id='word_1_125' title='bbox 244 1947 364 2012; x_wconf 90' lang='lat' dir='ltr'><strong>mentio</strong></span> <span class='ocrx_word' id='word_1_126' title='bbox 395 1945 467 2010; x_wconf 86' lang='lat' dir='ltr'><strong>fieri</strong></span> <span class='ocrx_word' id='word_1_127' title='bbox 499 1945 649 2012; x_wconf 88' lang='lat' dir='ltr'><strong>debebat.</strong></span> <span class='ocrx_word' id='word_1_128' title='bbox 708 1945 792 2011; x_wconf 92' lang='lat' dir='ltr'><strong>Nam</strong></span> <span class='ocrx_word' id='word_1_129' title='bbox 825 1948 852 2011; x_wconf 91' lang='lat' dir='ltr'><strong>si</strong></span> <span class='ocrx_word' id='word_1_130' title='bbox 882 1946 1086 2031; x_wconf 82' lang='lat' dir='ltr'><strong>Thucydides</strong></span> <span class='ocrx_word' id='word_1_131' title='bbox 1118 1947 1201 2025; x_wconf 86' lang='lat' dir='ltr'><strong>aliis,</strong></span> <span class='ocrx_word' id='word_1_132' title='bbox 1233 1967 1314 2030; x_wconf 91' lang='lat' dir='ltr'><strong>quos</strong></span> 
     </span>
     <span class='ocr_line' id='line_1_18' title="bbox 143 2046 1314 2133; baseline -0.001 -17"><span class='ocrx_word' id='word_1_133' title='bbox 143 2050 295 2133; x_wconf 89' lang='lat' dir='ltr'><strong>Steupius</strong></span> <span class='ocrx_word' id='word_1_134' title='bbox 324 2048 446 2126; x_wconf 87' lang='lat' dir='ltr'><strong>attulit,</strong></span> <span class='ocrx_word' id='word_1_135' title='bbox 479 2046 559 2112; x_wconf 89' lang='lat' dir='ltr'><strong>locis</strong></span> <span class='ocrx_word' id='word_1_136' title='bbox 581 2049 627 2131; x_wconf 84' lang='lat' dir='ltr'><strong>(p.</strong></span> <span class='ocrx_word' id='word_1_137' title='bbox 651 2049 729 2133; x_wconf 79' lang='lat'>279)</span> <span class='ocrx_word' id='word_1_138' title='bbox 756 2050 796 2113; x_wconf 87' lang='lat' dir='ltr'><strong>de</strong></span> <span class='ocrx_word' id='word_1_139' title='bbox 825 2048 889 2114; x_wconf 85' lang='lat' dir='ltr'><strong>hac</strong></span> <span class='ocrx_word' id='word_1_140' title='bbox 910 2069 945 2113; x_wconf 91' lang='lat' dir='ltr'><strong>re</strong></span> <span class='ocrx_word' id='word_1_141' title='bbox 968 2048 1068 2114; x_wconf 81' lang='lat' dir='ltr'><strong>uerba</strong></span> <span class='ocrx_word' id='word_1_142' title='bbox 1088 2049 1226 2127; x_wconf 83' lang='lat' dir='ltr'><strong>fecisset,</strong></span> <span class='ocrx_word' id='word_1_143' title='bbox 1260 2048 1314 2115; x_wconf 92' lang='lat' dir='ltr'><strong>hic</strong></span> 
     </span>
     <span class='ocr_line' id='line_1_19' title="bbox 142 2150 1314 2234; baseline -0.003 -16"><span class='ocrx_word' id='word_1_144' title='bbox 142 2159 252 2218; x_wconf 90' lang='lat' dir='ltr'><strong>autem</strong></span> <span class='ocrx_word' id='word_1_145' title='bbox 274 2150 403 2216; x_wconf 88' lang='lat' dir='ltr'><strong>silentio</strong></span> <span class='ocrx_word' id='word_1_146' title='bbox 433 2171 504 2216; x_wconf 90' lang='lat' dir='ltr'><strong>eam</strong></span> <span class='ocrx_word' id='word_1_147' title='bbox 534 2151 765 2234; x_wconf 85' lang='lat' dir='ltr'><strong>praeteriisset,</strong></span> <span class='ocrx_word' id='word_1_148' title='bbox 798 2171 903 2216; x_wconf 88' lang='lat' dir='ltr'><strong>nonne</strong></span> <span class='ocrx_word' id='word_1_149' title='bbox 935 2150 1022 2216; x_wconf 92' lang='lat' dir='ltr'><strong>hunc</strong></span> <span class='ocrx_word' id='word_1_150' title='bbox 1055 2152 1161 2217; x_wconf 89' lang='lat' dir='ltr'><strong>locum</strong></span> <span class='ocrx_word' id='word_1_151' title='bbox 1191 2171 1314 2216; x_wconf 91' lang='lat' dir='ltr'><strong>summo</strong></span> 
     </span>
     <span class='ocr_line' id='line_1_20' title="bbox 143 2253 1315 2338; baseline -0.001 -18"><span class='ocrx_word' id='word_1_152' title='bbox 143 2255 215 2320; x_wconf 90' lang='lat' dir='ltr'><strong>iure</strong></span> <span class='ocrx_word' id='word_1_153' title='bbox 236 2256 447 2338; x_wconf 81' lang='lat' dir='ltr'><strong>depravatum</strong></span> <span class='ocrx_word' id='word_1_154' title='bbox 462 2253 710 2336; x_wconf 81' lang='lat' dir='ltr'><strong>suspicaremur,</strong></span> <span class='ocrx_word' id='word_1_155' title='bbox 733 2255 811 2337; x_wconf 89' lang='lat' dir='ltr'><strong>quia</strong></span> <span class='ocrx_word' id='word_1_156' title='bbox 832 2274 900 2318; x_wconf 88' lang='lat' dir='ltr'><strong>rem</strong></span> <span class='ocrx_word' id='word_1_157' title='bbox 914 2255 1113 2319; x_wconf 88' lang='lat' dir='ltr'><strong>notissimam</strong></span> <span class='ocrx_word' id='word_1_158' title='bbox 1134 2274 1198 2319; x_wconf 92' lang='lat' dir='ltr'><strong>non</strong></span> <span class='ocrx_word' id='word_1_159' title='bbox 1219 2253 1315 2319; x_wconf 85' lang='lat' dir='ltr'><strong>affer·</strong></span> 
     </span>
    </p>
   </div>
   <div class='ocr_carea' id='block_1_3' title="bbox 144 2354 1316 2542">
    <p class='ocr_par' dir='ltr' id='par_1_4' title="bbox 144 2354 1316 2542">
     <span class='ocr_line' id='line_1_21' title="bbox 144 2354 1316 2441; baseline -0.001 -19"><span class='ocrx_word' id='word_1_160' title='bbox 144 2362 197 2422; x_wconf 87' lang='lat' dir='ltr'><strong>ret</strong></span> <span class='ocrx_word' id='word_1_161' title='bbox 230 2355 455 2441; x_wconf 84' lang='lat' dir='ltr'><strong>Thucydides?</strong></span> <span class='ocrx_word' id='word_1_162' title='bbox 511 2355 636 2420; x_wconf 92' lang='lat' dir='ltr'><strong>Deinde</strong></span> <span class='ocrx_word' id='word_1_163' title='bbox 667 2354 748 2420; x_wconf 91' lang='lat' dir='ltr'><strong>haec</strong></span> <span class='ocrx_word' id='word_1_164' title='bbox 780 2355 880 2421; x_wconf 88' lang='lat' dir='ltr'><strong>verba</strong></span> <span class='ocrx_word' id='word_1_165' title='bbox 912 2362 1088 2439; x_wconf 88' lang='lat' dir='ltr'><strong>propterea</strong></span> <span class='ocrx_word' id='word_1_166' title='bbox 1119 2356 1316 2440; x_wconf 84' lang='lat' dir='ltr'><strong>interpolata</strong></span> 
     </span>
     <span class='ocr_line' id='line_1_22' title="bbox 145 2456 1315 2542; baseline 0.001 -18"><span class='ocrx_word' id='word_1_167' title='bbox 145 2460 296 2524; x_wconf 82' lang='lat' dir='ltr'><strong>videntur</strong></span> <span class='ocrx_word' id='word_1_168' title='bbox 317 2458 459 2542; x_wconf 87' lang='lat' dir='ltr'><strong>Steupio‚</strong></span> <span class='ocrx_word' id='word_1_169' title='bbox 493 2456 581 2540; x_wconf 92' lang='lat' dir='ltr'><strong>quod</strong></span> <span class='ocrx_word' id='word_1_170' title='bbox 609 2457 717 2522; x_wconf 91' lang='lat' dir='ltr'><strong>omnia</strong></span> <span class='ocrx_word' id='word_1_171' title='bbox 745 2459 884 2541; x_wconf 90' lang='lat' dir='ltr'><strong>quaein</strong></span> <span class='ocrx_word' id='word_1_172' title='bbox 907 2479 934 2524; x_wconf 89' lang='lat' dir='ltr'><strong>c.</strong></span> <span class='ocrx_word' id='word_1_173' title='bbox 961 2458 1011 2537; x_wconf 88' lang='lat'><strong>14,</strong></span> <span class='ocrx_word' id='word_1_174' title='bbox 1034 2460 1054 2525; x_wconf 88' lang='lat'><strong>3</strong></span> <span class='ocrx_word' id='word_1_175' title='bbox 1077 2459 1230 2524; x_wconf 90' lang='lat' dir='ltr'><strong>dicuntur</strong></span> <span class='ocrx_word' id='word_1_176' title='bbox 1250 2461 1315 2525; x_wconf 92' lang='lat' dir='ltr'><strong>iam</strong></span> 
     </span>
    </p>
   </div>
   <div class='ocr_carea' id='block_1_4' title="bbox 144 2559 1377 4491">
    <p class='ocr_par' dir='ltr' id='par_1_5' title="bbox 144 2559 1377 3672">
     <span class='ocr_line' id='line_1_23' title="bbox 145 2559 1316 2643; baseline 0.003 -18"><span class='ocrx_word' id='word_1_177' title='bbox 145 2566 244 2626; x_wconf 87' lang='lat' dir='ltr'><strong>antea</strong></span> <span class='ocrx_word' id='word_1_178' title='bbox 265 2566 512 2625; x_wconf 88' lang='lat' dir='ltr'><strong>commemorata</strong></span> <span class='ocrx_word' id='word_1_179' title='bbox 540 2559 670 2638; x_wconf 87' lang='lat' dir='ltr'><strong>fuerint,</strong></span> <span class='ocrx_word' id='word_1_180' title='bbox 704 2581 744 2625; x_wconf 87' lang='lat' dir='ltr'><strong>ex</strong></span> <span class='ocrx_word' id='word_1_181' title='bbox 775 2559 841 2625; x_wconf 90' lang='lat' dir='ltr'><strong>illis</strong></span> <span class='ocrx_word' id='word_1_182' title='bbox 871 2560 973 2643; x_wconf 82' lang='lat' dir='ltr'><strong>igitur</strong></span> <span class='ocrx_word' id='word_1_183' title='bbox 1001 2561 1081 2626; x_wconf 90' lang='lat' dir='ltr'><strong>locis</strong></span> <span class='ocrx_word' id='word_1_184' title='bbox 1109 2560 1195 2627; x_wconf 92' lang='lat' dir='ltr'><strong>hunc</strong></span> <span class='ocrx_word' id='word_1_185' title='bbox 1221 2560 1316 2628; x_wconf 86' lang='lat' dir='ltr'><strong>facile</strong></span> 
     </span>
     <span class='ocr_line' id='line_1_24' title="bbox 144 2661 1316 2749; baseline 0.003 -22"><span class='ocrx_word' id='word_1_186' title='bbox 144 2662 375 2746; x_wconf 86' lang='lat' dir='ltr'><strong>interpolatum</strong></span> <span class='ocrx_word' id='word_1_187' title='bbox 397 2683 467 2728; x_wconf 86' lang='lat' dir='ltr'><strong>esse</strong></span> <span class='ocrx_word' id='word_1_188' title='bbox 487 2683 590 2746; x_wconf 90' lang='lat' dir='ltr'><strong>posse.</strong></span> <span class='ocrx_word' id='word_1_189' title='bbox 635 2664 677 2727; x_wconf 86' lang='lat' dir='ltr'><strong>At</strong></span> <span class='ocrx_word' id='word_1_190' title='bbox 697 2661 779 2732; x_wconf 88' lang='lat' dir='ltr'><strong>haec</strong></span> <span class='ocrx_word' id='word_1_191' title='bbox 800 2664 908 2729; x_wconf 90' lang='lat' dir='ltr'><strong>omnia</strong></span> <span class='ocrx_word' id='word_1_192' title='bbox 929 2665 1067 2748; x_wconf 89' lang='lat' dir='ltr'><strong>quaein</strong></span> <span class='ocrx_word' id='word_1_193' title='bbox 1090 2666 1155 2749; x_wconf 75' lang='lat'><strong>§.3</strong></span> <span class='ocrx_word' id='word_1_194' title='bbox 1178 2686 1316 2731; x_wconf 91' lang='lat' dir='ltr'><strong>comme-</strong></span> 
     </span>
     <span class='ocr_line' id='line_1_25' title="bbox 146 2766 1317 2852; baseline 0.004 -22"><span class='ocrx_word' id='word_1_195' title='bbox 146 2773 315 2831; x_wconf 89' lang='lat' dir='ltr'><strong>morantur</strong></span> <span class='ocrx_word' id='word_1_196' title='bbox 340 2787 376 2831; x_wconf 90' lang='lat' dir='ltr'><strong>re</strong></span> <span class='ocrx_word' id='word_1_197' title='bbox 404 2787 482 2831; x_wconf 81' lang='lat' dir='ltr'><strong>vera</strong></span> <span class='ocrx_word' id='word_1_198' title='bbox 511 2767 601 2848; x_wconf 88' lang='lat' dir='ltr'><strong>pacis</strong></span> <span class='ocrx_word' id='word_1_199' title='bbox 632 2786 746 2832; x_wconf 88' lang='lat' dir='ltr'><strong>causas</strong></span> <span class='ocrx_word' id='word_1_200' title='bbox 776 2786 845 2832; x_wconf 89' lang='lat' dir='ltr'><strong>esse</strong></span> <span class='ocrx_word' id='word_1_201' title='bbox 874 2766 985 2849; x_wconf 84' lang='lat' dir='ltr'><strong>negari</strong></span> <span class='ocrx_word' id='word_1_202' title='bbox 1012 2787 1076 2832; x_wconf 89' lang='lat' dir='ltr'><strong>uon</strong></span> <span class='ocrx_word' id='word_1_203' title='bbox 1105 2773 1223 2852; x_wconf 87' lang='lat' dir='ltr'><strong>potest,</strong></span> <span class='ocrx_word' id='word_1_204' title='bbox 1259 2790 1317 2835; x_wconf 86' lang='lat' dir='ltr'><strong>cur</strong></span> 
     </span>
     <span class='ocr_line' id='line_1_26' title="bbox 145 2858 1377 2961; baseline 0.004 -29"><span class='ocrx_word' id='word_1_205' title='bbox 145 2858 246 2951; x_wconf 85' lang='lat' dir='ltr'><strong>igitur</strong></span> <span class='ocrx_word' id='word_1_206' title='bbox 267 2870 429 2948; x_wconf 87' lang='lat' dir='ltr'><strong>miremur,</strong></span> <span class='ocrx_word' id='word_1_207' title='bbox 453 2890 508 2935; x_wconf 88' lang='lat' dir='ltr'><strong>eas</strong></span> <span class='ocrx_word' id='word_1_208' title='bbox 528 2868 590 2934; x_wconf 92' lang='lat' dir='ltr'><strong>hoc</strong></span> <span class='ocrx_word' id='word_1_209' title='bbox 611 2869 683 2936; x_wconf 90' lang='lat' dir='ltr'><strong>loco</strong></span> <span class='ocrx_word' id='word_1_210' title='bbox 705 2869 925 2953; x_wconf 90' lang='lat' dir='ltr'><strong>aThucydide</strong></span> <span class='ocrx_word' id='word_1_211' title='bbox 948 2889 1018 2935; x_wconf 90' lang='lat' dir='ltr'><strong>esse</strong></span> <span class='ocrx_word' id='word_1_212' title='bbox 1040 2870 1180 2938; x_wconf 78' lang='lat' dir='ltr'><strong>allatas?</strong></span> <span class='ocrx_word' id='word_1_213' title='bbox 1225 2872 1318 2950; x_wconf 89' lang='lat' dir='ltr'><strong>Quod</strong></span> <span class='ocrx_word' id='word_1_214' title='bbox 1374 2957 1377 2961; x_wconf 6' lang='grc' dir='ltr'><strong><em>ἱ</em></strong></span> 
     </span>
     <span class='ocr_line' id='line_1_27' title="bbox 146 2972 1318 3057; baseline -0.001 -18"><span class='ocrx_word' id='word_1_215' title='bbox 146 2974 347 3039; x_wconf 79' lang='lat' dir='ltr'><strong>antemium</strong></span> <span class='ocrx_word' id='word_1_216' title='bbox 374 2979 473 3039; x_wconf 87' lang='lat' dir='ltr'><strong>antea</strong></span> <span class='ocrx_word' id='word_1_217' title='bbox 502 2973 634 3038; x_wconf 89' lang='lat' dir='ltr'><strong>eaedem</strong></span> <span class='ocrx_word' id='word_1_218' title='bbox 663 2993 716 3038; x_wconf 88' lang='lat' dir='ltr'><strong>res</strong></span> <span class='ocrx_word' id='word_1_219' title='bbox 746 2980 856 3057; x_wconf 82' lang='lat' dir='ltr'><strong>gestae</strong></span> <span class='ocrx_word' id='word_1_220' title='bbox 886 2972 1018 3038; x_wconf 88' lang='lat' dir='ltr'><strong>uberius</strong></span> <span class='ocrx_word' id='word_1_221' title='bbox 1040 2981 1211 3039; x_wconf 89' lang='lat' dir='ltr'><strong>enarratae</strong></span> <span class='ocrx_word' id='word_1_222' title='bbox 1232 2981 1318 3053; x_wconf 90' lang='lat' dir='ltr'><strong>eunt,</strong></span> 
     </span>
     <span class='ocr_line' id='line_1_28' title="bbox 145 3074 1317 3160; baseline 0 -19"><span class='ocrx_word' id='word_1_223' title='bbox 145 3074 209 3142; x_wconf 89' lang='lat' dir='ltr'><strong>hoc</strong></span> <span class='ocrx_word' id='word_1_224' title='bbox 230 3075 319 3142; x_wconf 92' lang='lat' dir='ltr'><strong>nullo</strong></span> <span class='ocrx_word' id='word_1_225' title='bbox 341 3076 435 3141; x_wconf 93' lang='lat' dir='ltr'><strong>modo</strong></span> <span class='ocrx_word' id='word_1_226' title='bbox 458 3077 572 3141; x_wconf 85' lang='lat' dir='ltr'><strong>evitari</strong></span> <span class='ocrx_word' id='word_1_227' title='bbox 594 3076 711 3160; x_wconf 88' lang='lat' dir='ltr'><strong>potuit,</strong></span> <span class='ocrx_word' id='word_1_228' title='bbox 744 3095 816 3140; x_wconf 88' lang='lat' dir='ltr'><strong>eum</strong></span> <span class='ocrx_word' id='word_1_229' title='bbox 838 3074 1043 3160; x_wconf 89' lang='lat' dir='ltr'><strong>Thucydides</strong></span> <span class='ocrx_word' id='word_1_230' title='bbox 1072 3081 1176 3141; x_wconf 88' lang='lat' dir='ltr'><strong>totum</strong></span> <span class='ocrx_word' id='word_1_231' title='bbox 1199 3076 1317 3143; x_wconf 90' lang='lat' dir='ltr'><strong>bellum</strong></span> 
     </span>
     <span class='ocr_line' id='line_1_29' title="bbox 147 3176 1322 3263; baseline 0.001 -19"><span class='ocrx_word' id='word_1_232' title='bbox 147 3199 300 3244; x_wconf 88' lang='lat' dir='ltr'><strong>enarrare</strong></span> <span class='ocrx_word' id='word_1_233' title='bbox 321 3178 384 3243; x_wconf 90' lang='lat' dir='ltr'><strong>sibi</strong></span> <span class='ocrx_word' id='word_1_234' title='bbox 405 3179 635 3263; x_wconf 90' lang='lat' dir='ltr'><strong>proposuisset.</strong></span> <span class='ocrx_word' id='word_1_235' title='bbox 678 3178 764 3261; x_wconf 82' lang='lat' dir='ltr'><strong>Ergo</strong></span> <span class='ocrx_word' id='word_1_236' title='bbox 792 3183 825 3241; x_wconf 90' lang='lat' dir='ltr'><strong>et</strong></span> <span class='ocrx_word' id='word_1_237' title='bbox 852 3176 917 3242; x_wconf 88' lang='lat' dir='ltr'><strong>illis</strong></span> <span class='ocrx_word' id='word_1_238' title='bbox 938 3177 1026 3256; x_wconf 89' lang='lat' dir='ltr'><strong>locis,</strong></span> <span class='ocrx_word' id='word_1_239' title='bbox 1061 3199 1143 3261; x_wconf 90' lang='lat' dir='ltr'><strong>qnos</strong></span> <span class='ocrx_word' id='word_1_240' title='bbox 1165 3179 1322 3263; x_wconf 87' lang='lat' dir='ltr'><strong>Steupius·</strong></span> 
     </span>
     <span class='ocr_line' id='line_1_30' title="bbox 148 3278 1318 3365; baseline 0.001 -19"><span class='ocrx_word' id='word_1_241' title='bbox 148 3280 244 3347; x_wconf 86' lang='lat' dir='ltr'><strong>affert</strong></span> <span class='ocrx_word' id='word_1_242' title='bbox 266 3287 300 3346; x_wconf 89' lang='lat' dir='ltr'><strong>et</strong></span> <span class='ocrx_word' id='word_1_243' title='bbox 321 3287 432 3346; x_wconf 87' lang='lat' dir='ltr'><strong>nostro</strong></span> <span class='ocrx_word' id='word_1_244' title='bbox 453 3281 524 3346; x_wconf 92' lang='lat' dir='ltr'><strong>loco</strong></span> <span class='ocrx_word' id='word_1_245' title='bbox 553 3301 617 3365; x_wconf 89' lang='lat' dir='ltr'><strong>quo</strong></span> <span class='ocrx_word' id='word_1_246' title='bbox 639 3278 785 3364; x_wconf 87' lang='lat' dir='ltr'><strong>singulae</strong></span> <span class='ocrx_word' id='word_1_247' title='bbox 807 3280 898 3363; x_wconf 89' lang='lat' dir='ltr'><strong>pacis</strong></span> <span class='ocrx_word' id='word_1_248' title='bbox 924 3300 1041 3345; x_wconf 88' lang='lat' dir='ltr'><strong>caueae</strong></span> <span class='ocrx_word' id='word_1_249' title='bbox 1063 3280 1204 3346; x_wconf 86' lang='lat' dir='ltr'><strong>breviter</strong></span> <span class='ocrx_word' id='word_1_250' title='bbox 1224 3303 1318 3365; x_wconf 86' lang='lat' dir='ltr'><strong>repe·</strong></span> 
     </span>
     <span class='ocr_line' id='line_1_31' title="bbox 147 3382 1318 3468; baseline 0.001 -20"><span class='ocrx_word' id='word_1_251' title='bbox 147 3389 271 3463; x_wconf 86' lang='lat' dir='ltr'><strong>tuntur,</strong></span> <span class='ocrx_word' id='word_1_252' title='bbox 294 3384 373 3468; x_wconf 88' lang='lat' dir='ltr'><strong>quin</strong></span> <span class='ocrx_word' id='word_1_253' title='bbox 388 3385 519 3449; x_wconf 91' lang='lat' dir='ltr'><strong>eaedem</strong></span> <span class='ocrx_word' id='word_1_254' title='bbox 540 3403 593 3448; x_wconf 89' lang='lat' dir='ltr'><strong>res</strong></span> <span class='ocrx_word' id='word_1_255' title='bbox 613 3389 908 3463; x_wconf 89' lang='lat' dir='ltr'><strong>commemorentur,</strong></span> <span class='ocrx_word' id='word_1_256' title='bbox 931 3382 1001 3447; x_wconf 91' lang='lat' dir='ltr'><strong>fieri</strong></span> <span class='ocrx_word' id='word_1_257' title='bbox 1023 3403 1086 3447; x_wconf 92' lang='lat' dir='ltr'><strong>nou</strong></span> <span class='ocrx_word' id='word_1_258' title='bbox 1107 3384 1224 3467; x_wconf 90' lang='lat' dir='ltr'><strong>potuit.</strong></span> <span class='ocrx_word' id='word_1_259' title='bbox 1268 3385 1318 3449; x_wconf 92' lang='lat' dir='ltr'><strong>An</strong></span> 
     </span>
     <span class='ocr_line' id='line_1_32' title="bbox 146 3484 1317 3570; baseline 0.001 -20"><span class='ocrx_word' id='word_1_260' title='bbox 146 3484 231 3551; x_wconf 89' lang='lat' dir='ltr'><strong>forte</strong></span> <span class='ocrx_word' id='word_1_261' title='bbox 252 3493 412 3569; x_wconf 90' lang='lat' dir='ltr'><strong>putemus,</strong></span> <span class='ocrx_word' id='word_1_262' title='bbox 435 3507 545 3552; x_wconf 87' lang='lat' dir='ltr'><strong>omnes</strong></span> <span class='ocrx_word' id='word_1_263' title='bbox 566 3507 627 3565; x_wconf 88' lang='lat' dir='ltr'><strong>res,</strong></span> <span class='ocrx_word' id='word_1_264' title='bbox 650 3507 736 3570; x_wconf 89' lang='lat' dir='ltr'><strong>quae</strong></span> <span class='ocrx_word' id='word_1_265' title='bbox 757 3487 791 3550; x_wconf 91' lang='lat' dir='ltr'><strong>in</strong></span> <span class='ocrx_word' id='word_1_266' title='bbox 814 3485 926 3551; x_wconf 89' lang='lat' dir='ltr'><strong>eodem</strong></span> <span class='ocrx_word' id='word_1_267' title='bbox 947 3484 1030 3550; x_wconf 90' lang='lat' dir='ltr'><strong>libro</strong></span> <span class='ocrx_word' id='word_1_268' title='bbox 1051 3485 1102 3551; x_wconf 92' lang='lat' dir='ltr'><strong>bis</strong></span> <span class='ocrx_word' id='word_1_269' title='bbox 1123 3485 1317 3566; x_wconf 89' lang='lat' dir='ltr'><strong>referuntur,</strong></span> 
     </span>
     <span class='ocr_line' id='line_1_33' title="bbox 147 3586 974 3672; baseline -0.001 -20"><span class='ocrx_word' id='word_1_270' title='bbox 147 3586 250 3653; x_wconf 88' lang='lat' dir='ltr'><strong>altero</strong></span> <span class='ocrx_word' id='word_1_271' title='bbox 274 3593 362 3652; x_wconf 87' lang='lat' dir='ltr'><strong>certe</strong></span> <span class='ocrx_word' id='word_1_272' title='bbox 383 3586 454 3654; x_wconf 89' lang='lat' dir='ltr'><strong>loco</strong></span> <span class='ocrx_word' id='word_1_273' title='bbox 476 3588 689 3672; x_wconf 85' lang='lat' dir='ltr'><strong>interpolatas</strong></span> <span class='ocrx_word' id='word_1_274' title='bbox 712 3608 783 3654; x_wconf 87' lang='lat' dir='ltr'><strong>esse</strong></span> <span class='ocrx_word' id='word_1_275' title='bbox 805 3587 974 3671; x_wconf 85' lang='lat' dir='ltr'><strong>opertere?</strong></span> 
     </span>
    </p>

    <p class='ocr_par' dir='ltr' id='par_1_6' title="bbox 146 3688 1320 4491">
     <span class='ocr_line' id='line_1_34' title="bbox 232 3688 1319 3773; baseline 0.002 -18"><span class='ocrx_word' id='word_1_276' title='bbox 232 3690 305 3755; x_wconf 85' lang='lat' dir='ltr'><strong>Jam</strong></span> <span class='ocrx_word' id='word_1_277' title='bbox 332 3690 420 3772; x_wconf 91' lang='lat' dir='ltr'><strong>quod</strong></span> <span class='ocrx_word' id='word_1_278' title='bbox 449 3690 491 3756; x_wconf 91' lang='lat' dir='ltr'><strong>ad</strong></span> <span class='ocrx_word' id='word_1_279' title='bbox 519 3690 617 3756; x_wconf 81' lang='lat' dir='ltr'><strong>verba</strong></span> <span class='ocrx_word' id='word_1_280' title='bbox 647 3712 731 3773; x_wconf 89' lang='lat' dir='ltr'><strong>quae</strong></span> <span class='ocrx_word' id='word_1_281' title='bbox 753 3696 908 3756; x_wconf 89' lang='lat' dir='ltr'><strong>secuntur</strong></span> <span class='ocrx_word' id='word_1_282' title='bbox 931 3710 956 3755; x_wconf 90' lang='lat' dir='ltr'><strong>c.</strong></span> <span class='ocrx_word' id='word_1_283' title='bbox 981 3689 1030 3768; x_wconf 87' lang='lat'><strong>14,</strong></span> <span class='ocrx_word' id='word_1_284' title='bbox 1054 3690 1076 3753; x_wconf 87' lang='lat'><strong>4</strong></span> <span class='ocrx_word' id='word_1_285' title='bbox 1097 3688 1260 3772; x_wconf 76' lang='grc' dir='ltr'><em>ξυνέβαινε</em></span> <span class='ocrx_word' id='word_1_286' title='bbox 1282 3689 1319 3758; x_wconf 81' lang='grc' dir='ltr'><strong>δὲ</strong></span> 
     </span>
     <span class='ocr_line' id='line_1_35' title="bbox 147 3788 1319 3878; baseline 0.003 -23"><span class='ocrx_word' id='word_1_287' title='bbox 147 3788 203 3856; x_wconf 84' lang='grc' dir='ltr'><strong>καὶ</strong></span> <span class='ocrx_word' id='word_1_288' title='bbox 227 3829 266 3842; x_wconf 91' lang='lat'>-</span> <span class='ocrx_word' id='word_1_289' title='bbox 289 3791 447 3875; x_wconf 80' lang='grc' dir='ltr'><strong><em>πολεμεῖν</em></strong></span> <span class='ocrx_word' id='word_1_290' title='bbox 466 3799 556 3858; x_wconf 87' lang='lat' dir='ltr'><strong>recte</strong></span> <span class='ocrx_word' id='word_1_291' title='bbox 577 3793 729 3876; x_wconf 88' lang='lat' dir='ltr'><strong>Steupius</strong></span> <span class='ocrx_word' id='word_1_292' title='bbox 750 3792 804 3878; x_wconf 86' lang='lat' dir='ltr'><strong>(ut</strong></span> <span class='ocrx_word' id='word_1_293' title='bbox 825 3791 978 3876; x_wconf 85' lang='lat' dir='ltr'><strong>editores)</strong></span> <span class='ocrx_word' id='word_1_294' title='bbox 1001 3791 1170 3858; x_wconf 87' lang='lat' dir='ltr'><strong>offendisse</strong></span> <span class='ocrx_word' id='word_1_295' title='bbox 1191 3794 1319 3859; x_wconf 83' lang='lat' dir='ltr'><strong>uidetur</strong></span> 
     </span>
     <span class='ocr_line' id='line_1_36' title="bbox 146 3890 1318 3979; baseline 0.003 -21"><span class='ocrx_word' id='word_1_296' title='bbox 146 3894 180 3958; x_wconf 91' lang='lat' dir='ltr'><strong>in</strong></span> <span class='ocrx_word' id='word_1_297' title='bbox 194 3894 351 3960; x_wconf 88' lang='lat' dir='ltr'><strong>vocabulo</strong></span> <span class='ocrx_word' id='word_1_298' title='bbox 364 3890 459 3973; x_wconf 77' lang='grc' dir='ltr'><em>ὥστε,</em></span> <span class='ocrx_word' id='word_1_299' title='bbox 481 3916 554 3960; x_wconf 93' lang='lat' dir='ltr'><strong>nam</strong></span> <span class='ocrx_word' id='word_1_300' title='bbox 578 3895 665 3979; x_wconf 92' lang='lat' dir='ltr'><strong>quod</strong></span> <span class='ocrx_word' id='word_1_301' title='bbox 678 3896 788 3977; x_wconf 87' lang='lat' dir='ltr'><strong>Argivi</strong></span> <span class='ocrx_word' id='word_1_302' title='bbox 808 3894 956 3969; x_wconf 86' lang='lat' dir='ltr'><strong>inducias</strong></span> <span class='ocrx_word' id='word_1_303' title='bbox 972 3915 1045 3958; x_wconf 90' lang='lat' dir='ltr'><strong>eum</strong></span> <span class='ocrx_word' id='word_1_304' title='bbox 1056 3893 1318 3961; x_wconf 86' lang='lat' dir='ltr'><strong>Lacedaemoniis</strong></span> 
     </span>
     <span class='ocr_line' id='line_1_37' title="bbox 147 3996 1318 4080; baseline 0.003 -20"><span class='ocrx_word' id='word_1_305' title='bbox 147 4017 302 4062; x_wconf 83' lang='lat' dir='ltr'><strong>renovare</strong></span> <span class='ocrx_word' id='word_1_306' title='bbox 323 3997 477 4062; x_wconf 88' lang='lat' dir='ltr'><strong>uolebant</strong></span> <span class='ocrx_word' id='word_1_307' title='bbox 496 3996 585 4062; x_wconf 92' lang='lat' dir='ltr'><strong>nullo</strong></span> <span class='ocrx_word' id='word_1_308' title='bbox 608 3998 702 4062; x_wconf 92' lang='lat' dir='ltr'><strong>modo</strong></span> <span class='ocrx_word' id='word_1_309' title='bbox 725 4016 823 4062; x_wconf 88' lang='lat' dir='ltr'><strong>causa</strong></span> <span class='ocrx_word' id='word_1_310' title='bbox 845 4016 914 4061; x_wconf 89' lang='lat' dir='ltr'><strong>esse</strong></span> <span class='ocrx_word' id='word_1_311' title='bbox 934 3996 1052 4080; x_wconf 87' lang='lat' dir='ltr'><strong>potuit,</strong></span> <span class='ocrx_word' id='word_1_312' title='bbox 1075 4017 1133 4061; x_wconf 89' lang='lat' dir='ltr'><strong>cur</strong></span> <span class='ocrx_word' id='word_1_313' title='bbox 1154 3997 1318 4065; x_wconf 87' lang='lat' dir='ltr'><strong>Lacedae·</strong></span> 
     </span>
     <span class='ocr_line' id='line_1_38' title="bbox 148 4098 1320 4184; baseline 0.003 -21"><span class='ocrx_word' id='word_1_314' title='bbox 148 4100 247 4163; x_wconf 90' lang='lat' dir='ltr'><strong>monii</strong></span> <span class='ocrx_word' id='word_1_315' title='bbox 267 4098 363 4164; x_wconf 90' lang='lat' dir='ltr'><strong>simul</strong></span> <span class='ocrx_word' id='word_1_316' title='bbox 386 4121 458 4164; x_wconf 90' lang='lat' dir='ltr'><strong>eum</strong></span> <span class='ocrx_word' id='word_1_317' title='bbox 474 4098 722 4164; x_wconf 86' lang='lat' dir='ltr'><strong>Atheniensibus</strong></span> <span class='ocrx_word' id='word_1_318' title='bbox 745 4099 914 4181; x_wconf 84' lang='lat' dir='ltr'><strong>etArgivis</strong></span> <span class='ocrx_word' id='word_1_319' title='bbox 935 4118 1081 4183; x_wconf 83' lang='lat' dir='ltr'><strong>pugnare</strong></span> <span class='ocrx_word' id='word_1_320' title='bbox 1102 4119 1166 4165; x_wconf 88' lang='lat' dir='ltr'><strong>non</strong></span> <span class='ocrx_word' id='word_1_321' title='bbox 1187 4107 1320 4184; x_wconf 88' lang='lat' dir='ltr'><strong>possent</strong></span> 
     </span>
     <span class='ocr_line' id='line_1_39' title="bbox 150 4200 1318 4287; baseline 0.003 -21"><span class='ocrx_word' id='word_1_322' title='bbox 150 4202 253 4287; x_wconf 79' lang='lat'>(281).</span> <span class='ocrx_word' id='word_1_323' title='bbox 312 4201 516 4285; x_wconf 84' lang='lat' dir='ltr'><strong>Quapropter</strong></span> <span class='ocrx_word' id='word_1_324' title='bbox 549 4200 612 4267; x_wconf 90' lang='lat' dir='ltr'><strong>hoc</strong></span> <span class='ocrx_word' id='word_1_325' title='bbox 645 4201 845 4266; x_wconf 87' lang='lat' dir='ltr'><strong>enuntiatum</strong></span> <span class='ocrx_word' id='word_1_326' title='bbox 878 4202 966 4266; x_wconf 84' lang='lat' dir='ltr'><strong>varie</strong></span> <span class='ocrx_word' id='word_1_327' title='bbox 998 4206 1161 4266; x_wconf 91' lang='lat' dir='ltr'><strong>tentatum</strong></span> <span class='ocrx_word' id='word_1_328' title='bbox 1193 4208 1243 4267; x_wconf 88' lang='lat' dir='ltr'><strong>est</strong></span> <span class='ocrx_word' id='word_1_329' title='bbox 1277 4202 1318 4270; x_wconf 87' lang='lat' dir='ltr'><strong>ab</strong></span> 
     </span>
     <span class='ocr_line' id='line_1_40' title="bbox 149 4302 1319 4388; baseline 0.003 -21"><span class='ocrx_word' id='word_1_330' title='bbox 149 4302 333 4370; x_wconf 92' lang='lat' dir='ltr'><strong>hominibus</strong></span> <span class='ocrx_word' id='word_1_331' title='bbox 354 4304 467 4370; x_wconf 90' lang='lat' dir='ltr'><strong>doctis.</strong></span> <span class='ocrx_word' id='word_1_332' title='bbox 509 4305 617 4388; x_wconf 80' lang='lat' dir='ltr'><strong>Atque</strong></span> <span class='ocrx_word' id='word_1_333' title='bbox 643 4303 828 4387; x_wconf 79' lang='lat' dir='ltr'><strong>Kruegerus</strong></span> <span class='ocrx_word' id='word_1_334' title='bbox 850 4302 980 4386; x_wconf 91' lang='lat' dir='ltr'><strong>quidem</strong></span> <span class='ocrx_word' id='word_1_335' title='bbox 1002 4309 1036 4368; x_wconf 88' lang='lat' dir='ltr'><strong>et</strong></span> <span class='ocrx_word' id='word_1_336' title='bbox 1057 4302 1201 4369; x_wconf 84' lang='lat' dir='ltr'><strong>Stahlius</strong></span> <span class='ocrx_word' id='word_1_337' title='bbox 1221 4304 1319 4370; x_wconf 81' lang='lat' dir='ltr'><strong>uerba</strong></span> 
     </span>
     <span class='ocr_line' id='line_1_41' title="bbox 150 4400 1318 4491; baseline 0.004 -22"><span class='ocrx_word' id='word_1_338' title='bbox 150 4400 234 4470; x_wconf 78' lang='grc' dir='ltr'><strong><em>ὥστε</em></strong></span> <span class='ocrx_word' id='word_1_339' title='bbox 256 4443 297 4453; x_wconf 94' lang='grc'><strong>-</strong></span> <span class='ocrx_word' id='word_1_340' title='bbox 320 4406 476 4488; x_wconf 75' lang='grc' dir='ltr'><em>πολεμεῖν</em></span> <span class='ocrx_word' id='word_1_341' title='bbox 511 4405 605 4472; x_wconf 88' lang='lat' dir='ltr'><strong>uncis</strong></span> <span class='ocrx_word' id='word_1_342' title='bbox 634 4406 805 4474; x_wconf 88' lang='lat' dir='ltr'><strong>includunt</strong></span> <span class='ocrx_word' id='word_1_343' title='bbox 837 4427 941 4491; x_wconf 83' lang='lat' dir='ltr'><strong>eaque</strong></span> <span class='ocrx_word' id='word_1_344' title='bbox 972 4427 1036 4472; x_wconf 93' lang='lat' dir='ltr'><strong>non</strong></span> <span class='ocrx_word' id='word_1_345' title='bbox 1066 4405 1109 4474; x_wconf 90' lang='lat' dir='ltr'><strong>ad</strong></span> <span class='ocrx_word' id='word_1_346' title='bbox 1136 4408 1318 4491; x_wconf 88' lang='lat' dir='ltr'><strong>proximum</strong></span> 
     </span>
    </p>
   </div>
   <div class='ocr_carea' id='block_1_5' title="bbox 0 0 1479 4770">
    <p class='ocr_par' dir='ltr' id='par_1_7' title="bbox 0 0 1479 4770">
     <span class='ocr_line' id='line_1_42' title="bbox 0 0 1479 4770; baseline 0 0"><span class='ocrx_word' id='word_1_347' title='bbox 0 0 1479 4770; x_wconf 95' lang='lat' dir='ltr'><strong> </strong></span> 
     </span>
    </p>
   </div>
  </div>
 </body>
</html>
