2918 4770
696 221 738 284 52

134 413 179 479 sit
204 412 290 477 ratio
314 410 484 476 uerborum
507 406 672 474 ἐδεδίεσαν
695 446 734 455 -
756 397 971 488 perpateat
992 425 1037 481 τε,
1059 403 1117 468 sed
1131 407 1308 485 propterea

134 515 196 580 hoc
219 513 423 578 enuntiatum
446 509 617 575 delendum
641 529 710 574 esse
730 507 860 572 minime
882 526 1004 573 censeo.
1047 503 1149 570 Nemo
1168 503 1307 587 ignorat,

133 614 354 699 Thucydidem
383 614 473 698 operi
504 633 562 678 suo
589 618 782 676 exstremam
809 629 873 674 non
900 607 1048 674 attulisse
1074 627 1214 682 manum,
1248 604 1309 670 sed

135 717 289 782 historias
320 716 362 781 ab
396 717 468 800 ipso
498 712 706 798 imperfectas
735 712 777 777 ab
807 709 871 776 alio
905 730 974 775 esse
1007 709 1121 781 editas,
1151 706 1309 773 nonnulla

136 819 237 902 igitur
266 839 337 884 esse
368 825 519 902 oportere
548 818 581 881 in
614 815 674 881 tali
706 815 798 894 libro,
833 833 917 897 quae
950 815 1036 877 inter
1067 832 1102 877 se
1131 830 1194 875 non
1227 810 1310 875 satis

137 921 365 1006 respondeant,
396 941 453 985 seu
482 918 569 1002 quod
591 919 730 1001 scriptor
751 917 821 1000 ipse
842 916 971 991 errarit,
1000 935 1058 979 seu
1087 912 1175 996 quod
1205 911 1311 977 editor

139 1044 187 1101 ea,
219 1043 303 1106 quae
328 1023 465 1104 margini
495 1020 545 1086 vel
574 1019 737 1086 schedulis
763 1024 857 1084 erant
885 1015 1110 1083 commendata
1134 1014 1217 1081 falso
1238 1014 1311 1080 loco

138 1126 284 1190 inseruit
330 1124 446 1207 itaque
476 1123 578 1188 multo
610 1122 712 1206 magis
746 1141 844 1204 quam
872 1119 997 1202 Stoupii
1029 1117 1199 1202 probanda
1230 1116 1311 1181 mihi

138 1225 410 1310 videturSauppii
433 1225 552 1309 opinio,
575 1246 673 1308 quam
695 1222 1008 1308 quondambenigne
1030 1241 1155 1286 mecum
1168 1239 1312 1286 commn-

139 1328 270 1402 nicavit
298 1327 397 1393 verba
423 1326 480 1392 illa
507 1347 577 1394 esse
604 1333 714 1392 notam
741 1323 959 1409 marginalem
972 1321 1171 1406 Thucydidis
1196 1322 1312 1406 ipsius,

140 1450 244 1513 eaque
265 1430 307 1495 ab
322 1429 446 1495 editore
461 1429 550 1507 talia,
574 1428 685 1512 qualia
706 1430 740 1493 iu
747 1427 945 1513 Thucydidis
958 1425 1081 1491 invenit
1093 1425 1313 1509 manuscripto

141 1551 211 1598 esse
232 1531 329 1599 edita.

227 1633 336 1699 Verba
363 1652 493 1716 quoquc
524 1640 685 1699 exstrema
717 1632 814 1697 huius
844 1630 1003 1696 enuntiati
1034 1622 1251 1711 perepa'dond
1278 1650 1315 1693 ue

144 1730 197 1800 δτι
211 1731 295 1817 μετὰ
316 1730 358 1799 τὰ
380 1732 414 1798 ἐν
427 1725 531 1819 Πύλῳ
553 1732 660 1811 καλῶς
675 1730 844 1818 παρασχὸν
865 1725 903 1797 οὗ
929 1729 1104 1817 ξυνέβησαν
1117 1730 1317 1814 interpolata

144 1837 294 1902 videntur
309 1836 451 1919 Stoupio.
496 1836 665 1919 Exponere
688 1837 770 1900 enim
783 1835 1003 1919 Thucydidem
1025 1832 1087 1899 hoc
1107 1838 1176 1897 toto
1198 1832 1317 1916 capite,

146 1938 266 2023 quibus
295 1939 337 2004 de
367 1938 474 2004 causis
496 1937 709 2004 Athenienses
737 1946 771 2004 et
791 1935 1038 2003 Lacedaemonii
1068 1935 1219 2000 commoti
1241 1936 1317 2015 sint,

145 2048 184 2106 ut
212 2061 327 2124 pacem
357 2046 517 2124 peterent,
549 2062 608 2125 per
640 2039 702 2106 hoc
733 2040 928 2123 μεταμέλειν
961 2044 1071 2103 autem
1100 2037 1189 2102 nullo
1221 2037 1318 2102 modo

145 2141 232 2208 illius
255 2143 355 2207 studii
379 2161 510 2208 causam
532 2142 642 2207 afferri
672 2145 719 2226 (p.
741 2142 829 2227 278).
872 2142 958 2224 Ergo
981 2139 1119 2205 delenda
1146 2158 1215 2204 esse
1237 2138 1320 2204 haec

147 2243 253 2310 rerba
297 2245 342 2308 At
361 2264 435 2309 mea
456 2244 587 2326 quidem
602 2244 763 2308 sententia
785 2244 832 2308 ita
853 2242 923 2307 fieri
946 2241 1030 2307 solet
1051 2248 1085 2306 et
1105 2241 1167 2306 hoc
1181 2247 1321 2307 naturae

146 2342 312 2411 hominum
327 2351 572 2410 consentaneum
590 2351 647 2424 est,
670 2351 708 2409 nt
730 2346 758 2409 is
780 2366 877 2428 quem
891 2344 1028 2410 alicuius
1049 2343 1096 2408 rei
1111 2342 1194 2408 male
1209 2349 1321 2425 gestae

147 2447 285 2532 penitet,
318 2446 360 2511 ob
388 2447 422 2511 id
443 2447 551 2530 ipsum
574 2447 671 2512 aliam
693 2470 762 2514 rem
785 2453 925 2532 expetat,
955 2447 1066 2530 itaque
1088 2444 1155 2523 fiat,
1189 2450 1228 2509 ut
1248 2445 1323 2530 ipsa

149 2548 198 2614 ris
211 2548 378 2632 penitendi
394 2568 493 2615 causa
507 2550 551 2615 sit
565 2550 700 2617 alicuius
715 2551 763 2615 rei
779 2549 1011 2634 suscipiendae.
1054 2548 1198 2615 Penituit
1212 2555 1323 2614 autem

150 2649 373 2728 Athenienses,
404 2652 493 2734 quod
515 2659 584 2717 tum
607 2675 679 2719 cum
702 2653 787 2720 bello
808 2653 968 2720 florebant
988 2673 1102 2737 pacem
1125 2673 1198 2718 oum
1218 2650 1322 2717 Lace-

151 2753 328 2819 daemoniis
350 2774 414 2818 non
428 2753 593 2836 fecissent3
615 2757 663 2822 ita
684 2758 768 2823 enim
791 2757 912 2823 factum
935 2762 1015 2835 erat,
1037 2763 1075 2821 ut
1094 2757 1158 2841 ipsi
1179 2757 1212 2820 in
1235 2776 1323 2821 snm-

150 2879 235 2924 mam
278 2857 497 2925 calamitatem
539 2861 725 2927 inciderent
784 2861 874 2939 Quae
907 2860 1076 2926 calamitas
1110 2880 1151 2924 ne
1189 2860 1223 2923 in
1254 2859 1325 2926 dies

152 2966 335 3043 augeretur,
367 2981 481 3045 pacem
514 2963 679 3045 potebant,
713 2965 825 3048 itaque
862 2964 949 3048 quod
982 2962 1193 3029 Athenienses
1216 2961 1325 3046 'pacis

154 3069 251 3128 antea
279 3063 459 3146 denegatae
484 3066 634 3148 penituit,
666 3088 765 3132 eausa
793 3066 864 3146 fuit,
896 3074 934 3133 nt
962 3067 1027 3132 iam
1055 3065 1221 3131 ardentius
1254 3085 1325 3130 eam

155 3171 352 3249 expeterent.
396 3165 511 3250 Itaque
525 3189 561 3233 re
582 3191 658 3235 vera
679 3169 730 3235 his
744 3170 849 3235 verbis
860 3166 1104 3234 Atheniensium
1118 3168 1209 3252 pacis
1225 3167 1326 3233 studii

156 3286 255 3333 cansa
276 3267 408 3333 subesse
429 3269 567 3336 videtur.
611 3271 652 3336 In
675 3272 790 3337 iisdem
811 3272 918 3338 uerbis
930 3270 1082 3355 Steupius
1102 3270 1164 3336 hoc
1177 3270 1326 3347 miratur,

156 3371 244 3453 quod
265 3368 308 3434 ad
330 3371 505 3437 secundam
527 3379 652 3439 tantum
674 3375 766 3458 pacis
787 3374 983 3458 legationem
1008 3373 1193 3458 respiciant,
1228 3392 1327 3455 qnam

156 3470 402 3537 Lacedaemonii
423 3481 498 3556 post
511 3475 631 3541 milites
651 3478 685 3541 in
706 3477 813 3543 insula
828 3483 949 3561 captos,
973 3497 1036 3542 non
1059 3475 1101 3541 ad
1125 3496 1205 3554 eam,
1227 3495 1327 3558 quam

157 3572 342 3639 interclusis
363 3577 427 3640 iam
449 3575 606 3644 militibus
626 3579 791 3646 miserant.
835 3580 869 3646 Si
890 3577 1094 3663 Thucydides
1121 3578 1202 3643 haec
1229 3575 1329 3653 uerba

158 3676 343 3759 scripsisset
370 3683 458 3743 certe
478 3685 652 3765 utramque
672 3684 764 3766 pacis
785 3681 952 3749 faciendae
973 3681 1168 3765 legationem
1189 3699 1329 3745 comme·

160 3784 326 3843 morasset.
369 3779 414 3844 At
428 3778 480 3847 fac
495 3782 593 3850 verba
613 3781 698 3866 μετὰ
717 3782 759 3850 τὰ
781 3782 815 3850 ἐν
836 3779 940 3871 Πύλῳ
955 3806 990 3850 re
1005 3805 1083 3851 vcra
1095 3783 1130 3848 id
1144 3779 1330 3866 significare

159 3879 247 3963 qnod
268 3879 420 3966 Stenpius
450 3883 521 3950 vult
553 3892 586 3951 et
616 3887 786 3955 referenda
818 3908 887 3954 esse
918 3887 962 3952 ad
995 3886 1170 3952 secundam
1199 3891 1328 3951 tuntum

159 3981 251 4067 pacis
271 3981 474 4066 legationem,
501 4009 578 4054 num
599 3990 681 4056 haec
701 3990 788 4055 iusta
818 3988 946 4055 delendi
975 4008 1073 4054 causa
1103 4008 1171 4052 esse
1198 3987 1329 4071 potest?

160 4082 304 4149 Primum
326 4086 420 4165 enim,
444 4090 596 4173 quoniam
606 4091 786 4177 Thucydidi
808 4093 876 4157 sine
899 4090 997 4156 dubio
1019 4089 1120 4168 licuit,
1143 4110 1330 4173 quamcum-

162 4205 227 4269 qne
248 4185 348 4252 voluit
369 4188 559 4272 legationem
582 4214 838 4272 commemorare,
862 4215 920 4259 cur
935 4213 1128 4276 quaeramus
1150 4192 1269 4275 quibus
1291 4190 1331 4256 de

163 4288 270 4359 causis
291 4289 494 4376 Thucydides
516 4294 600 4363 hanc
620 4317 683 4362 non
704 4294 804 4375 illam,
834 4317 891 4362 cnr
912 4317 977 4362 non
997 4301 1171 4376 utramque
1193 4313 1331 4360 commo-

165 4391 358 4496 motaverit?
402 4394 525 4462 Deinde
547 4398 575 4463 si
597 4399 731 4464 alterius
753 4404 880 4463 tantum
895 4396 1219 4465 Lacedaemoniorum
1242 4394 1332 4479 lega·
