2918 4770
711 252 732 316 9

136 441 309 519 codicibus,
333 440 431 506 semel
452 447 580 507 tantum
602 461 674 506 cum
687 438 739 503 OE
762 438 828 524 (55,
851 439 886 525 7)
910 445 944 504 et
959 438 1013 506 OG
1028 440 1116 522 (137,
1139 441 1174 525 6)
1197 447 1310 508 contra

136 550 261 612 eeteros
282 542 369 610 lacit.

222 645 382 710 Maximus
403 643 567 709 Planudes
588 643 640 710 bis
662 664 735 709 cum
757 643 811 708 OG
835 644 915 710 facit
935 648 1049 710 contra
1072 651 1197 710 ceteros
1219 645 1309 728 (122,

138 749 176 814 17
201 748 322 832 1123).
366 744 490 823 Quibus
524 766 564 811 ex
589 744 668 812 locis
697 744 737 810 de
765 743 928 812 codicibus
958 746 1088 831 Sopatri
1118 755 1151 814 11
1177 748 1311 814 Maximi

138 851 219 917 certi
251 848 334 914 nihil
366 845 517 913 concludi
539 867 634 930 posse
666 853 812 931 apparet.
855 847 1029 914 Praeterea
1060 868 1311 915 commemoran-

137 953 214 1018 dum
228 958 288 1030 est,
310 950 485 1031 Maximum
500 970 563 1015 non
579 969 619 1014 ex
632 949 704 1032 ipso
715 947 903 1034 Thucydide
918 951 1138 1035 descripsisse.
1182 950 1310 1036 Thucy-

137 1055 223 1119 didis
246 1053 330 1118 enim
343 1051 450 1129 verba,
473 1071 557 1135 quas
578 1057 655 1117 sunt
669 1050 694 1129 Ι,
721 1052 781 1117 122
804 1050 870 1136 (85,
891 1051 928 1138 4)
949 1050 1046 1136 plane
1067 1051 1183 1118 iisdem
1204 1053 1311 1119 verbis

137 1157 318 1223 redduntur
345 1155 379 1219 in
401 1152 560 1238 Anonymi
588 1152 822 1237 prolegomenis
851 1153 894 1220 ad
917 1152 1128 1238 Hermogenis
1150 1162 1256 1221 status
1279 1161 1312 1221 et

138 1257 226 1343 apud
248 1257 424 1323 Maximum
452 1256 641 1334 Planudem,
676 1257 754 1322 item
780 1263 933 1323 accurate
962 1258 1123 1323 consentit
1150 1257 1310 1323 Maximus

138 1382 211 1427 cum
240 1359 352 1426 eodem
380 1360 546 1444 Anonymo
572 1359 687 1443 paucis
717 1357 823 1424 verbis
844 1365 920 1443 post
946 1358 1030 1444 (VII,
1056 1360 1104 1425 13.
1126 1360 1166 1425 21
1193 1394 1228 1418 =
1253 1360 1311 1426 Th.

137 1464 179 1541 11,
203 1463 269 1547 62).
312 1461 385 1527 Jam
407 1463 576 1545 quaeritur
597 1466 672 1527 uter
693 1467 804 1526 utrum
826 1462 1043 1544 exscripserit.
1086 1460 1177 1528 Wala
1202 1461 1236 1526 in
1257 1483 1310 1528 ar-

137 1570 289 1648 gumento
310 1562 408 1629 volV
424 1562 506 1630 haec
527 1563 621 1630 dicit:
647 1563 796 1642 „Fontes
819 1584 860 1628 ex
875 1563 993 1647 quibus
1006 1562 1167 1629 Planudes
1188 1563 1312 1630 scholia

136 1687 197 1732 sua
218 1665 337 1743 hausit,
351 1665 539 1748 investigari
558 1666 592 1729 in
613 1664 697 1732 libro
720 1661 798 1751 περὶ
819 1660 966 1730 στάσεων
979 1686 1053 1731 raro
1067 1664 1149 1730 mihi
1165 1667 1310 1750 contigit,

137 1767 330 1834 fortasssis
350 1767 402 1832 his
424 1766 549 1850 aliquid
571 1787 611 1831 ex
632 1768 766 1852 propria
788 1788 874 1852 penu
896 1766 1007 1833 dedit:
1037 1767 1094 1834 sed
1120 1767 1243 1834 scholia
1269 1768 1312 1834 ad

137 1870 237 1936 libros
260 1865 336 1956 περὶ
357 1862 524 1953 adcessere,
554 1865 632 1955 περὶ
664 1864 759 1934 ἰδεῶν
788 1876 822 1934 11
850 1865 928 1953 περὶ
956 1866 1105 1946 μεθόδου
1127 1865 1312 1956 δεινότητος

137 1973 205 2038 fers
227 1972 335 2037 omnia
363 1992 403 2036 ex
426 1972 576 2056 anonymi
598 1972 826 2037 commentario
849 1978 1004 2056 excerpta
1026 1978 1134 2038 sunt‘.
1176 1973 1262 2056 Ergo
1283 1974 1312 2039 si

137 2073 297 2138 Maximus
325 2071 417 2138 illum
438 2093 633 2158 anonymum
654 2075 711 2157 qui
732 2071 809 2158 περὶ
831 2066 988 2160 αἱρέσεων
1010 2080 1069 2140 111
1092 2075 1223 2158 scripsit
1242 2081 1311 2142 tam

137 2181 291 2244 accurate
313 2176 476 2260 excripsit,
500 2196 573 2242 oum
594 2175 659 2242 alio
671 2195 838 2260 anonymo,
861 2176 919 2259 qui
941 2172 1019 2261 περὶ
1041 2171 1186 2241 στάσεων
1208 2178 1312 2262 serip-

137 2279 250 2344 sitite
273 2279 441 2357 consentit,
477 2283 514 2344 ut
536 2277 619 2344 alter
641 2276 781 2343 alterum
803 2277 1013 2362 descripserit
1040 2284 1199 2362 oporteat,
1231 2281 1311 2364 quid

137 2378 351 2459 verisimilius,
373 2400 471 2464 quam
494 2378 575 2446 duos
597 2379 670 2446 illos
686 2399 861 2465 anonymos
882 2401 918 2445 re
939 2401 1016 2446 vera
1037 2401 1137 2447 unum
1151 2380 1311 2447 hominem

139 2502 218 2561 esse,
248 2503 344 2564 quem
365 2482 526 2547 Maximus
556 2488 589 2547 et
618 2479 697 2565 111ρὶ
724 2472 880 2566 εὖρέσεων
909 2487 970 2548 111,
999 2488 1033 2547 11
1062 2479 1140 2567 περὶ
1167 2480 1311 2550 στάσεων

139 2583 368 2667 exscripserit?
392 2621 431 2634 -
454 2583 562 2650 Etiam
590 2604 630 2648 ex
651 2583 774 2648 Joanne
796 2581 948 2648 Siceliota
977 2581 1065 2649 locos
1088 2584 1311 2669 Thucydideos

138 2685 349 2769 descripsisse
369 2686 500 2751 uidetur
522 2686 692 2764 Maximus,
715 2685 855 2769 primum
877 2684 902 2763 l,
926 2685 946 2750 6

351 2787 423 2854 Joh.
446 2787 507 2854 Sic.
921 2786 1006 2853 Max.
1028 2786 1118 2854 Plan.

137 2883 235 2975 ἆβροὶ
255 2884 317 2974 γάρ
336 2884 374 2954 τὸ
393 2889 538 2956 παλαιὸν
560 2885 591 2956 οἳ
603 2882 722 2968 Ἴωνες,
765 2879 939 2974 visceream
966 2885 1029 2974 γὰρ
1059 2886 1095 2969 ἐξ
1115 2882 1249 2974 ἀρχαίου
1278 2888 1311 2957 οἱ

139 2985 182 3069 ὡς
199 2989 255 3057 καὶ
272 2987 472 3079 Θουκυδίδης
493 2990 527 3058 ἐν
542 2992 584 3080 τῇ
599 2986 723 3080 πρώτη·
756 2982 877 3070 Ἴωνες,
908 2986 953 3069 ὥς
982 2989 1038 3056 καὶ
1057 2986 1257 3080 Θουκυδίδης
1277 2989 1311 3061 ἓν

138 3090 216 3175 ,καὶ
237 3088 269 3158 ci
285 3148 292 3162 .
310 3147 318 3161 .
335 3101 364 3162 ,⁴⁴
766 3097 807 3182 τῇ
830 3087 957 3182 πρώτη·
979 3090 1058 3175 ,καὶ
1079 3089 1112 3159 οἱ
1127 3144 1134 3160 .
1152 3144 1159 3159 .
1176 3103 1214 3162 .“.

138 3198 201 3262 1111
224 3198 307 3263 forte
328 3196 422 3264 ambo
444 3196 624 3263 hauserunt
646 3217 686 3263 ex
714 3199 812 3263 tertio
835 3198 944 3282 aliquo
966 3199 1135 3282 scriptore,
1165 3201 1200 3266 id
1222 3203 1311 3286 quod

139 3300 237 3366 etiam
258 3300 300 3366 de
321 3300 361 3378 II,
385 3301 427 3366 60
449 3298 651 3366 verisimilius
674 3307 723 3366 est
927 3381 934 3393 „

257 3403 398 3470 Joannes
641 3402 802 3469 Maximus
1011 3404 1215 3492 Thucydides

137 3498 154 3571 ἶ
178 3501 239 3592 γὰρ
259 3500 450 3592 διανοηθείς
471 3529 503 3572 τι
546 3500 642 3591 ὁγὰρ
658 3499 847 3590 διανοηθείς
861 3529 895 3571 τι
936 3500 957 3571 δ
986 3528 1022 3572 τε
1044 3504 1103 3592 γὰρ
1133 3506 1229 3594 γνυδς
1255 3508 1311 3577 καὶ

137 3603 263 3693 καὶμὴ
293 3605 422 3693 φράσας
445 3629 506 3673 σα·
548 3604 605 3672 καὶ
626 3604 671 3694 μη
693 3604 822 3694 φράσας
834 3626 893 3672 σα·
937 3606 982 3696 μὴ
1025 3614 1142 3698 σαφῶς
1177 3609 1311 3696 διδάξας

138 3713 209 3797 φῶς
244 3705 279 3774 ἐν
314 3702 378 3795 ἴση)
416 3705 506 3775 ἐστὶν
547 3714 619 3796 φῶς
646 3705 680 3775 ἐν
701 3703 765 3796 'lup
786 3705 816 3776 εἶ
838 3706 894 3775 καὶ
936 3707 970 3776 ἐν
1008 3704 1071 3798 ἴση)
1106 3710 1165 3779 καὶ
1201 3711 1231 3780 εἰ
1265 3715 1309 3803 μη

138 3808 183 3891 o‘g
202 3809 232 3878 εἰ
250 3809 307 3877 καὶ
320 3809 365 3899 μὴ
385 3807 500 3879 ἒπενο·
542 3809 587 3899 μὴ
609 3808 808 3898 ἐνεθυμήθη.
938 3810 1139 3903 ἐνεθυμήθη.

223 4017 316 4097 Quod
337 4019 440 4096 11111,
462 4017 527 4084 iam
545 4018 673 4096 scimus,
696 4017 871 4084 Maximum
886 4040 959 4085 cum
974 4019 1062 4087 locos
1076 4021 1176 4089 refert
1186 4024 1310 4110 Thucy·

137 4120 251 4186 dideos
272 4139 336 4185 non
350 4120 457 4204 ipsum
469 4119 690 4204 Thucydidem
703 4121 891 4205 inspexisse,
915 4123 972 4188 scd
992 4121 1099 4189 locum
1120 4126 1168 4192 ita
1183 4132 1310 4194 tautum

137 4220 283 4300 reddere,
305 4227 344 4287 ut
364 4223 452 4306 apud
474 4222 573 4289 alium
596 4224 843 4306 grammaticum
865 4223 997 4289 invenit.
1019 4263 1060 4273 -

223 4323 398 4408 Gregorius
422 4323 607 4390 0111111111
635 4324 790 4408 plurimos
820 4325 956 4410 quidem
978 4326 1334 4405 loeosThuemeeos

137 4425 244 4505 refert,
271 4425 329 4492 sed
355 4427 498 4512 primum
527 4450 569 4498 11
597 4431 743 4517 pessimo
774 4430 893 4498 codice
925 4429 1133 4510 exserxptus.
1166 4420 1253 4482 1111
1270 4415 1372 4473 emm
