2918 4770
701 230 742 296 37

219 415 373 483 Attamen
396 414 523 482 duabus
544 416 586 481 de
609 419 713 483 causis
735 417 843 502 opinio
865 424 978 484 nostra
997 417 1125 484 videtur
1147 437 1207 482 non
1230 436 1305 499 pro-

134 518 253 584 banda.
297 518 440 584 Primum
462 521 546 583 enim
567 518 736 601 paululum
758 527 854 585 antea
876 523 917 603 (c
942 520 1015 602 114)
1049 525 1216 584 narratum
1241 518 1306 582 iam

136 627 216 698 crat,
238 621 444 703 Megarenses
465 620 635 685 descivisse
656 620 698 684 ab
721 620 971 686 Atheniensibus
994 642 1168 705 eorumque
1189 619 1306 685 milites

134 724 301 805 Megaram
323 723 540 788 custodientes
561 728 621 787 aut
641 722 839 788 interfecisse
870 730 928 788 aut
949 723 1110 807 pepulisse
1144 744 1183 787 ex
1215 721 1305 798 urbe,

134 826 182 890 ito
202 830 241 890 ut
262 824 472 890 Athenienses
494 825 657 906 Megaram
687 825 815 888 omnino
843 826 973 890 aoniam
1001 826 1211 909 possiderent.
1255 823 1305 889 Ob

135 928 168 992 id
194 928 301 1010 ipsum
326 926 443 1009 aliquis
472 925 569 1003 dicat,
598 924 818 1009 Thucydidem
846 927 907 993 hoo
933 927 1004 992 loco
1027 928 1134 992 dicere
1156 947 1218 992 non
1247 944 1305 1008 po·

135 1029 235 1094 tuisse
257 1027 488 1107 „Athenienses
510 1025 691 1093 reddebant
704 1028 870 1111 Megaram
881 1029 1163 1095 Lacedaemoniis“
1186 1028 1212 1092 si
1234 1026 1307 1109 qui-

134 1131 207 1196 dcm
230 1131 291 1215 ipsi
312 1129 426 1195 urbem
446 1149 509 1193 nou
532 1128 704 1194 habebant.
748 1130 872 1194 Deinde
894 1130 948 1207 IV,
969 1131 1010 1195 21
1034 1129 1239 1214 Thucydides
1261 1127 1304 1192 ad

133 1233 218 1299 hanc
249 1253 363 1316 paccm
395 1231 571 1313 respiciens
603 1231 723 1296 iterum
755 1233 877 1298 omittit
907 1232 1058 1315 Mcgarac
1089 1252 1232 1318 nomen„
1264 1231 1306 1294 At

135 1343 248 1402 contra
276 1335 367 1418 prins
388 1339 616 1415 argumentum
645 1335 838 1400 monendum
868 1334 1005 1411 videtur,
1038 1333 1119 1399 nihil
1151 1335 1306 1398 interesse

132 1445 243 1504 utrum
256 1438 389 1520 Megara
403 1455 440 1499 re
454 1455 531 1499 vera
547 1435 577 1497 iu
592 1435 837 1500 Atheniensium
858 1458 955 1501 manu
977 1436 1077 1501 fuerit
1098 1457 1207 1512 necne,
1231 1455 1307 1499 nam

134 1538 381 1605 Lacedaemonii
402 1542 472 1600 tum
495 1536 623 1600 demum
643 1535 786 1619 legitime
808 1545 842 1604 et
864 1559 904 1602 ex
926 1537 1117 1620 populorum
1146 1538 1216 1601 iure
1237 1536 1307 1600 Me·

134 1662 246 1725 garam
267 1638 487 1725 possidebant,
517 1639 545 1702 si
568 1640 728 1722 expressis
749 1639 855 1705 verbis
887 1646 919 1704 et
941 1641 1007 1704 ritu
1029 1641 1149 1704 usitato
1172 1659 1242 1703 eam
1263 1637 1306 1703 ab

134 1740 383 1808 Atheniensibus
414 1745 619 1823 acceperant.
664 1740 699 1804 ln
729 1743 819 1824 pacis
847 1743 948 1824 igitur
979 1742 1181 1817 documento,
1215 1741 1306 1804 cuins

133 1845 328 1911 sententiam
337 1842 541 1926 Thucydides
561 1841 616 1907 hic
631 1842 812 1919 adumbrat,
836 1845 863 1907 si
879 1843 1024 1926 singulae
1046 1842 1142 1907 urbes
1158 1848 1307 1907 enotatae

135 1951 238 2024 eraut,
254 1966 336 2029 quas
351 1950 448 2009 antea
464 1943 660 2009 obsederunt
673 1945 891 2021 Athenienses,
908 1945 1090 2027 quibusque
1104 1950 1175 2008 tum
1189 1965 1307 2008 renun-

135 2047 272 2126 tiabant,
295 2047 427 2129 Megara
442 2046 553 2111 deesse
568 2044 656 2110 nullo
679 2046 773 2110 modo
794 2048 909 2129 potuit
953 2047 1008 2112 Sin
1030 2052 1139 2111 autem
1161 2047 1193 2111 in
1217 2046 1307 2129 pacis

136 2151 328 2216 documento
350 2152 514 2214 nominata
537 2154 617 2224 erat,
651 2170 708 2213 cur
730 2146 934 2232 Thucydides
960 2148 1104 2214 omiserit
1131 2147 1221 2213 nulla
1251 2169 1306 2213 ox-

134 2261 203 2320 stat
226 2272 333 2319 causa.

220 2354 344 2420 Deinde
373 2357 483 2417 autem
510 2349 573 2415 hoc
607 2350 677 2415 loco
708 2359 935 2418 commemorat
963 2352 1167 2438 Thucydides
1203 2354 1301 2418 etiam

134 2459 248 2540 Pegas,
271 2473 467 2539 quamquam
488 2453 549 2518 hoc
565 2473 693 2536 qnoque
708 2453 862 2537 oppidum
883 2461 953 2519 tum
976 2475 1049 2520 cum
1070 2475 1135 2538 pax
1156 2453 1250 2521 fieret
1271 2456 1305 2519 in

131 2558 380 2633 Atheniensium
396 2555 544 2620 manibus
566 2557 695 2620 uoniam
719 2562 798 2620 erat.
843 2555 996 2620 Narravit
1010 2557 1093 2620 enirn
1104 2555 1306 2640 Thucydides

134 2662 159 2742 1,
185 2661 246 2727 103
268 2653 520 2743 προσεχώρησαν
543 2655 580 2721 δὲ
601 2653 656 2720 καὶ
681 2658 836 2742 Μεγαρῆς
854 2649 1047 2743 Ἀθηναίοις
1063 2705 1070 2721 .
1086 2702 1095 2720 .
1111 2654 1190 2722 ,καὶ
1212 2653 1306 2737 ἔσχον

131 2757 307 2849 Ἀθηναῖοι
322 2758 463 2842 Μέγαρα
484 2755 538 2822 καὶ
552 2755 674 2845 Πηγάς.
719 2758 798 2824 Cum
812 2766 923 2823 autem
944 2761 984 2839 (c.
1004 2758 1079 2843 114)
1102 2759 1306 2842 Megarenses

136 2866 178 2932 ab
191 2861 441 2929 Atheniensibus
455 2860 639 2938 deficerent,
662 2855 695 2924 oi
717 2857 853 2946 φρουροὶ
866 2853 1049 2946 Ἀθηναίων
1067 2861 1305 2948 διεφθαρμένοι

136 2961 219 3033 εἰσὶν
247 2956 318 3029 ὑπὸ
351 2962 539 3047 Μεγαρέων,
573 2958 663 3048 πλὴν
694 2956 768 3027 ὅσοι
795 2960 829 3040 ἐς
850 2957 994 3026 Νίσαιαν
1022 2955 1204 3049 ἀπέφυγον,
1237 2967 1306 3030 sinc

136 3069 235 3135 dubio
256 3068 358 3150 igitur
379 3065 476 3130 etiam
499 3064 546 3129 illi
566 3059 701 3151 φρουροί
722 3064 847 3148 expulsi
870 3071 973 3142 erant,
994 3065 1050 3148 qui
1073 3066 1176 3151 Pegas
1198 3075 1306 3136 custo·
1385 3130 1387 3134 ,

137 3170 279 3247 diebant,
308 3169 357 3234 ita
385 3174 424 3233 ut
444 3165 656 3232 Athenienses
682 3188 779 3232 unam
801 3165 951 3232 Nisaeam
980 3173 1109 3234 tantum
1137 3169 1305 3237 haberent.

137 3273 193 3339 Sin
225 3277 334 3337 autem
366 3269 570 3353 Thucydides
603 3269 809 3335 nihilosecius
840 3268 927 3334 illins
963 3269 1075 3353 oppidi
1109 3271 1305 3339 deditionem

137 3378 374 3449 commemorat,
403 3374 482 3455 quin
512 3373 610 3437 ctiam
631 3371 796 3454 Megaram
827 3391 1074 3438 commemorare
1096 3394 1177 3457 opus
1198 3373 1305 3451 fucrit,

136 3477 269 3544 dubium
292 3494 362 3540 esse
384 3495 445 3538 non
462 3481 579 3558 potest.
601 3511 643 3520 —
664 3473 830 3538 Postremo
847 3483 955 3541 autem
985 3474 1306 3541 animadvertendum

136 3585 195 3656 eat,
218 3597 316 3661 qnam
338 3574 432 3641 facilc
454 3576 555 3641 lector
576 3575 702 3658 aliquis,
726 3577 783 3657 qui
805 3583 901 3643 antea
922 3577 1056 3661 legerat,
1086 3577 1252 3660 Megaram
1272 3578 1305 3642 in

136 3679 380 3748 Atheniensium
401 3677 549 3742 manibus
571 3679 700 3742 uoniam
722 3678 830 3755 fuisse,
861 3700 898 3744 eo
925 3679 1059 3762 perduci
1085 3680 1238 3761 potuerit,
1267 3686 1306 3746 ut

136 3781 287 3866 Μέγαρα,
309 3781 336 3845 si
358 3780 391 3843 in
415 3780 524 3844 codice
544 3778 681 3862 legebat,
703 3781 813 3864 inopte
835 3781 981 3846 additum
1003 3781 1115 3863 itaque
1133 3780 1305 3846 delendum

137 3892 291 3954 censeret.
314 3921 354 3930 —
377 3882 466 3960 Quae
499 3903 572 3946 cum
599 3882 647 3946 ita
676 3882 742 3947 sint
769 3882 917 3965 equidem
944 3880 1052 3947 facere
1080 3902 1143 3947 non
1165 3868 1305 3965 possum,

137 3989 215 4075 quin
244 3985 414 4051 restituam
448 3980 589 4066 Μέγαρα
615 3979 670 4047 καὶ
702 3989 778 4048 ante
806 3979 959 4048 Νίσαιαν.
1004 3982 1097 4062 Quod
1125 3991 1235 4051 autem
1262 3984 1305 4050 ad

136 4093 274 4159 alterum
295 4086 402 4151 locum
432 4085 500 4169 (lV,
524 4086 581 4169 21)
612 4086 641 4149 is
675 4105 803 4168 quoque
833 4107 896 4151 non
928 4086 1034 4150 minus
1065 4085 1144 4150 mihi
1178 4086 1307 4151 ridetur

137 4197 319 4274 corruptus.
362 4186 526 4266 Quomodo
549 4187 633 4252 anim
648 4187 783 4270 cogitari
798 4194 916 4270 potest,
939 4186 1087 4253 Cleonem
1109 4187 1306 4253 abecedae·

136 4295 252 4363 moniis
280 4290 431 4356 Nisaeam
463 4294 495 4354 ct
526 4288 628 4372 Pegas
660 4287 883 4373 postulavisse,
916 4288 1033 4356 uelutsi
1062 4289 1196 4373 Megara
1227 4289 1305 4355 urbs

137 4396 208 4465 sola
227 4396 296 4463 sine
318 4391 443 4460 duobus
465 4391 529 4458 illis
543 4391 706 4478 portubus
718 4390 850 4478 ahquid
866 4390 1015 4460 uslerett
1060 4388 1240 4467 Quemne
1253 4386 1341 4443 hsx'x
