2918 4770
697 222 740 304 te

214 418 240 503 Ι,
263 420 314 493 35.
337 420 403 506 (36,
427 422 462 507 9)
485 415 886 507 πρδςΛακεδαιμονίους]
908 409 1185 508 Λακεδαιμονίων
1208 411 1299 495 codd.

125 527 292 594 Invenitur
322 524 411 609 apud
433 514 654 609 Thucydidem
684 528 866 610 promiscue
894 524 1021 615 σπονδή
1042 551 1132 606 τινος
1165 529 1205 611 (1,
1232 532 1301 608 131,

126 630 170 695 35
185 666 225 677 -
243 628 281 706 V,
299 627 356 709 30)
378 635 411 691 et
426 625 510 711 πρός
533 650 606 691 τινα
628 627 666 709 (Ι,
690 628 784 691 44-
796 628 849 707 vl,
874 628 917 714 7).
961 630 1113 696 Fortasse
1135 633 1302 713 genetivus

127 730 282 797 hocloco
305 731 337 793 in
360 735 452 794 textu
481 728 544 793 fuit
572 736 605 792 et
626 731 881 814 superscriptum
911 728 1005 814 πρὸς,
1039 733 1113 798 inde
1138 735 1224 797 enim
1246 755 1302 797 ex·

125 832 239 917 plicari
262 832 373 914 possit,
398 829 486 912 quod
508 827 626 894 Aldina
648 831 779 896 exhibet
799 828 860 908 τὰς
880 829 964 916 πρὸς
983 832 1268 916 Λακεδαιμονίων.

211 984 263 1064 36,
289 986 338 1049 19.
381 982 490 1049 Verba
516 979 759 1061 κινδυνεύοντας
780 982 835 1049 καὶ
866 987 906 1050 de
926 986 1057 1052 consilio
1079 990 1187 1054 omisit
1209 989 1299 1055 llar-

124 1087 270 1167 cellinus‚
299 1085 403 1151 solum
426 1087 509 1149 enim
532 1085 573 1150 ob
596 1085 693 1151 verba
716 1081 774 1150 οὐκ
797 1085 936 1179 ἕχθροδς
957 1081 1055 1165 ὄντας
1081 1089 1167 1155 hunc
1193 1089 1299 1156 locum

124 1189 306 1272 exscripsit,
329 1194 368 1252 ut
388 1187 490 1270 ipsius
512 1187 611 1252 verba
633 1188 869 1255 demonstrant:
900 1189 1035 1273 βέβαιον
1057 1188 1097 1255 δέ
1116 1214 1188 1269 πως
1209 1193 1300 1257 δοκεῖ

122 1287 163 1357 τδ
192 1278 382 1356 τοιοῦτονδ
410 1286 467 1352 καὶ
493 1285 693 1374 Θουκυδίδης
721 1287 756 1354 έκ
784 1295 845 1354 τοῦ
867 1289 1013 1356 ἐναντίου
1034 1288 1219 1378 πεποίηκεν
1241 1290 1300 1358 ἐπὶ

124 1394 193 1458 τῶν
208 1386 423 1475 Κερκυραίων,
445 1383 503 1454 erin
524 1385 604 1472 έχων
624 1390 684 1476 γὰρ
700 1392 802 1472 δεῖξαι
824 1390 862 1457 τὸ
886 1398 944 1480 τῆς
965 1389 1079 1478 φιλίας
1100 1386 1231 1478 ε’ίλογον
1251 1388 1300 1471 είς

127 1488 320 1576 συμμαχίαν,
352 1495 399 1577 τῷ
431 1489 466 1556 ἐκ
494 1497 552 1557 τοῦ
582 1490 727 1558 ἐναντίου
754 1490 909 1579 ἐχρήσατο
944 1491 1049 1581 ,ἡμᾶς
1076 1492 1136 1577 μὲν
1157 1493 1217 1582 γὰρ
1239 1489 1298 1560 οάκ
1356 1535 1358 1540 ·

125 1592 266 1681 ἕχδραδς
285 1586 383 1671 ἀντας
404 1586 607 1661 ἀπώσασθαί
630 1595 685 1659 καί
708 1589 766 1661 erin
788 1587 882 1660 εἶπεν
904 1592 1074 1683 ,,φίλους“.

211 1766 237 1845 Ι,
258 1767 310 1831 52.
341 1766 407 1851 (45,
432 1768 486 1850 19)
530 1758 747 1831 ἀπέπλευσαν
781 1762 852 1853 ἐπί]
885 1765 1093 1834 ἐπέπλευσαν
1126 1763 1186 1832 έπί
1207 1768 1298 1835 codd.

124 1868 346 1946 Athenienses,
384 1888 457 1932 eum
491 1868 631 1952 Corcyra
653 1890 714 1934 non
739 1871 804 1935 sint
825 1871 939 1948 evecti,
975 1870 1033 1934 sed
1054 1876 1182 1935 tentum
1203 1870 1298 1934 modo

125 1977 240 2037 contre.
253 1969 363 2035 hostes
378 1990 475 2035 neves
497 1970 660 2049 solverint,
683 1993 794 2055 pugna
816 1979 922 2036 eutem
947 1972 1116 2036 commissa
1127 1970 1298 2055 Corcyram

123 2072 157 2137 in
176 2077 308 2157 portum
337 2071 501 2150 redierint,
531 2093 593 2137 non
622 2065 840 2137 ἀπέπλευσαν
870 2073 927 2137 sed
954 2068 1172 2138 ἐπέπλευσαν.
1236 2073 1299 2136 Er-

123 2175 210 2240 ravit
229 2174 332 2256 igitur
343 2172 519 2255 Gregorius
532 2194 588 2239 seu
610 2173 763 2239 librarius
778 2176 810 2238 in
824 2175 1061 2257 praepositione
1077 2174 1296 2253 exscribenda,

125 2276 161 2340 id
189 2274 277 2358 quod
297 2294 454 2358 persaepe
484 2277 517 2340 in
541 2275 705 2341 codicibus
736 2279 906 2354 invenitur,
939 2296 1012 2341 eum
1041 2278 1297 2359 praepositiones

126 2378 248 2444 similes
268 2376 426 2443 similibus
449 2379 643 2460 compendiis
664 2378 882 2444 scriberentur
904 2376 959 2459 (el.
976 2377 1077 2443 Cobet
1100 2398 1190 2443 novv.
1207 2377 1295 2444 lectt

126 2479 192 2547 278
206 2480 278 2565 sq).
322 2478 418 2544 Unde
438 2479 486 2557 fit,
508 2487 546 2545 ut
567 2481 821 2563 praepositiones
832 2478 980 2560 eliaeque
994 2478 1150 2544 eiusmodi
1164 2480 1296 2546 voculae

124 2582 227 2649 etiam
259 2580 357 2666 plene
396 2582 588 2646 omittentur
617 2602 638 2647 e
664 2581 813 2647 librariis.
862 2578 959 2644 Velut
988 2579 1123 2663 legimus
1157 2581 1210 2661 IV,
1235 2583 1297 2647 120

123 2684 213 2771 (306,
235 2683 293 2768 25)
324 2673 451 2768 Σκιώνη
473 2674 603 2769 ἀπέστη
624 2673 686 2746 ἀπ>
710 2676 896 2768 Ἀθηναίων
924 2678 1009 2764 πρὸς
1030 2679 1209 2765 Βρασίδαν,
1239 2705 1297 2749 ex-

124 2786 218 2851 bibet
247 2791 357 2850 autem
385 2782 485 2849 schol.
514 2785 567 2849 Ar.
599 2804 684 2868 vesp.
706 2784 769 2849 210
801 2779 981 2868 Φιλόχορός
1016 2805 1100 2869 φησι
1132 2781 1298 2872 Βρασίδαν

122 2880 317 2972 ἀποστῆσαι
337 2881 534 2964 Σκιωναίους
562 2890 627 2951 τῶν
643 2880 840 2972 Ἀθηναίων.
898 2884 1109 2950 Philochorus
1137 2885 1296 2953 hocloco

123 2989 398 3073 praepositionem
419 3008 481 3053 non
504 2987 619 3071 legisse
640 2989 778 3066 videtur,
804 3008 1001 3071 quamquam
1021 2988 1151 3051 minime
1173 2995 1298 3053 certum

124 3098 186 3172 est,
207 3112 285 3156 num
306 3091 405 3157 etism
426 3110 448 3155 e
461 3089 648 3173 Thucydide
670 3092 715 3155 sit
736 3090 862 3155 emisse.
906 3090 1089 3154 Promiscue
1105 3090 1188 3152 enim
1203 3109 1298 3154 usur-

124 3199 241 3278 patum
269 3192 448 3258 invenimus
483 3212 503 3256 e
529 3191 718 3276 Thucydide
752 3186 931 3277 ἀφιστάναι
960 3211 1033 3255 cum
1063 3184 1133 3253 ἀπὸ
1163 3196 1197 3255 et
1224 3211 1297 3255 eum

124 3291 266 3379 simplici
287 3295 445 3376 genetivo,
478 3293 567 3359 velut
596 3314 668 3358 cum
690 3287 760 3357 ἀπὸ
783 3292 808 3370 1,
834 3292 896 3358 104
919 3293 983 3375 (74,
1007 3292 1052 3376 I),
1086 3290 1141 3370 111,
1164 3292 1185 3356 2
1208 3293 1295 3371 (171,

125 3396 195 3481 31),
217 3415 291 3460 (αισι
313 3397 461 3477 genetivo
471 3396 511 3474 11,
535 3397 576 3461 80
593 3396 681 3481 (152,
704 3396 748 3478 8),
770 3393 847 3473 ΙΙ,3
869 3394 958 3478 (102,
981 3393 1046 3476 31).
1078 3392 1195 3475 Itaque
1217 3414 1296 3459 enu-

126 3497 226 3565 cleari
239 3517 304 3563 nen
319 3518 413 3581 posse
427 3505 518 3583 puto,
539 3505 650 3563 utrum
665 3490 734 3561 ἀπὸ
751 3517 808 3562 seu
830 3494 966 3579 simplex
987 3495 1152 3577 genetivus
1173 3494 1297 3560 eThu·

126 3600 244 3687 cydide
264 3601 406 3683 scriptus
436 3599 542 3665 fuerit
586 3599 776 3665 Reddidisse
805 3605 914 3664 sutem
936 3596 1172 3676 Philochorum‚
1200 3617 1297 3678 quem

124 3702 182 3770 hic
202 3703 351 3786 sequitur
371 3701 555 3779 scholiasta,
587 3701 686 3766 verbe
707 3700 905 3785 Thucydidis
931 3700 1038 3764 itaut
1059 3697 1148 3781 apud
1169 3697 1297 3783 Thucy-

124 3804 235 3871 didem
254 3804 387 3883 invenit,
408 3804 484 3869 inde
508 3803 763 3869 concludendum
785 3807 843 3879 est,
875 3801 1083 3883 quodetiam
1109 3797 1166 3863 elii
1187 3798 1297 3863 Philo-

125 3904 218 3975 ebori
236 3904 301 3971 loci
322 3904 463 3971 dilucide
485 3906 716 3982 demonstrent,
740 3924 813 3967 eum
835 3921 899 3965 non
921 3903 1046 3967 novisse
1068 3906 1195 3966 tantum
1209 3900 1297 3966 Thu·

124 4008 276 4093 cydidem
308 4006 364 4091 (cf.
386 4006 596 4074 Wilsmovitz
619 4006 727 4071 Herm.
749 4003 820 4083 XII,
854 4004 917 4086 333
947 4002 1036 4066 dom.
1060 4001 1125 4087 13),
1159 4022 1297 4084 eumque

122 4112 160 4177 in
180 4109 280 4177 rebus
307 4109 498 4175 enarrendIs
519 4109 621 4191 sequi,
650 4107 709 4172 sed
739 4107 837 4171 etiam
855 4095 991 4170 ¹verbum
1026 4104 1233 4188 exscripsisse
1256 4126 1295 4173 ex

125 4212 234 4281 verbo.
279 4210 432 4279 conferes
453 4211 513 4278 hos
534 4211 620 4276 inter
641 4230 677 4276 se
697 4208 803 4274 locesz
