2918 4770
696 204 738 270 38

135 396 242 481 potuit
263 399 301 459 ut
321 392 439 460 Nisaes
460 398 493 458 ct
514 393 620 475 chae
642 391 683 457 ab
705 390 964 467 Atheniensibus,
993 391 1135 474 Megara,
1165 413 1249 476 quae
1272 395 1306 457 in

136 497 243 563 medio
264 496 457 579 interposita
479 501 537 572 est,
569 494 610 559 ab
631 493 894 558 Lacedaemoniis
921 492 972 558 vel
993 493 1130 560 aliorum
1150 495 1308 561 militibus

138 597 376 666 custodiretur?
420 597 482 675 Qui
504 596 585 661 duos
606 595 679 660 illos
700 601 814 678 portus
835 595 987 678 possidet,
1010 594 1098 661 nullo
1112 597 1208 663 modo
1232 618 1309 664 con·

138 701 252 768 cedere
283 705 400 784 potest,
437 698 603 781 Megaram
631 697 673 763 ab
704 697 776 763 aliis
803 697 971 781 possideri,
1002 698 1113 781 itaque
1140 698 1214 765 Cleo
1247 699 1310 768 hoc

137 803 208 870 loco
230 809 360 889 praeter
381 800 532 866 Nisaeum
559 807 593 865 et
613 799 715 881 Pegas
743 799 843 865 etiam
864 799 1030 882 Megaram
1057 799 1224 883 postulare
1252 801 1309 867 de·

138 904 247 973 bcbat.
290 904 376 985 Ergo
406 903 468 968 hoc
496 923 624 985 quoqne
652 900 723 966 loco
744 901 980 966 restituendum
1003 921 1072 966 esse
1093 900 1234 987 Μέγαρα
1255 899 1313 968 καὶ

139 1008 252 1091 negari
272 1027 334 1071 non
357 1004 463 1082 debet,
487 1002 838 1087 cumqueThucydides
860 1003 949 1068 dicat
961 1001 1109 1068 Cleonem
1130 1003 1313 1089 postulasse

140 1106 444 1176 ahacedaemoniis
475 1127 514 1171 ea
547 1126 632 1188 quae
663 1107 863 1190 accepissent
894 1104 943 1169 illi
970 1098 1046 1196 α’πδ
1071 1108 1129 1191 τῆς
1150 1104 1314 1191 προτέρας

143 1206 339 1294 gospertus,
360 1227 474 1272 rursus
496 1208 530 1271 id
545 1205 781 1290 comprobatur,
805 1209 892 1290 quod
912 1227 1012 1290 snpra
1033 1207 1188 1291 suspicati
1203 1228 1314 1274 sumus

140 1313 166 1390 Ι,
192 1313 252 1377 115
273 1308 478 1376 scribendum
501 1328 597 1374 esse.
614 1301 825 1385 ,ἀποδόντες
846 1307 987 1395 Μέγαρα
1014 1305 1070 1373 καὶ
1091 1303 1236 1375 Νίσαιαν
1257 1307 1316 1376 καὶ

140 1405 265 1501 Πηγάς.
309 1411 402 1502 Quod
424 1419 534 1477 autem
551 1411 678 1476 duobus
699 1411 779 1477 locis
800 1411 913 1475 eadem
936 1410 1121 1494 corruptela
1141 1413 1175 1476 iu
1196 1414 1316 1479 nostris

143 1516 307 1584 codicibus
328 1515 498 1592 invenitur,
529 1512 611 1578 haec
638 1533 691 1578 res
719 1513 767 1578 ita
794 1518 922 1577 tantum
949 1512 1104 1596 explicari
1129 1520 1247 1598 potest,
1277 1521 1316 1582 ut

143 1637 315 1695 sumamus,
348 1614 403 1695 IV,
423 1615 464 1679 21
501 1636 540 1679 ex
569 1616 675 1698 priore
703 1614 773 1680 loco
797 1634 866 1680 esse
888 1621 1057 1679 mutatum.
1100 1615 1213 1700 Neque
1234 1615 1318 1683 haec

144 1723 250 1806 opinio
265 1719 443 1804 quidquam
463 1718 495 1780 in
516 1715 665 1782 sehabet
680 1715 871 1794 offensionis,
893 1718 921 1782 si
936 1717 1104 1784 nobiscum
1117 1725 1316 1804 reputamus,

144 1829 226 1908 quot
256 1822 319 1888 loci
351 1820 438 1904 apud
460 1818 680 1903 Thucydidem
712 1840 733 1884 a
761 1819 980 1902 grammaticis
1010 1821 1076 1886 sint
1098 1823 1252 1906 corrupti.
1275 1859 1317 1871 -

145 1927 288 2005 Quarum
311 1920 605 2005 interpolationnm,
637 1940 721 2003 quae
750 1941 905 2004 persaepe
934 1923 981 1986 ita
1002 1929 1080 1988 suut
1101 1930 1319 2009 comparatae,

145 2033 184 2093 ut
204 2046 244 2090 ex
265 2026 366 2109 ipsius
389 2025 557 2107 scriptoris
572 2022 678 2088 verbis
694 2043 786 2087 nemo
803 2022 1020 2107 corruptelam
1035 2026 1192 2109 suspicari
1207 2028 1322 2110 possit,

146 2148 261 2194 novam
283 2128 494 2208 investigasse
515 2124 594 2189 mihi
618 2125 737 2190 videor.
779 2125 924 2190 Adnotat
945 2127 1031 2190 enim
1052 2127 1153 2193 schol.
1170 2128 1225 2194 Ar.
1240 2129 1322 2197 Ach.

150 2231 188 2295 12
202 2229 245 2294 ad
267 2233 341 2306 πῶς
362 2221 449 2292 τοῦτ’
464 2221 571 2292 ἔσεισέ
584 2247 648 2308 μου
663 2226 770 2303 δοκεῖς
783 2223 840 2312 τὴν
861 2223 1015 2310 καρδίαν,·
1034 2227 1133 2295 haec:
1156 2223 1319 2298 εδσειστον

150 2321 252 2397 οὖσαν
273 2331 315 2418 τῇ
336 2322 443 2415 φύσει,
464 2325 591 2409 μᾶλλον
613 2323 755 2407 ἐξέσεισε
785 2326 950 2413 (κέχρηται
972 2327 1008 2394 δὲ
1029 2335 1069 2418 τῇ
1091 2324 1258 2422 ὑπερβολῇ
1278 2337 1320 2421 τῇ

150 2429 210 2499 ἐπὶ
230 2436 288 2519 τῆς
308 2425 443 2514 καρδίας
471 2425 527 2493 καὶ
552 2425 753 2515 Θουκυδίδης
779 2428 817 2495 τὸ
842 2423 945 2513 δνομα
975 2426 1131 2518 φράζων).
1174 2434 1319 2514 Quorum

149 2535 328 2614 verborum,
357 2532 504 2616 quamvis
534 2539 769 2616 corruptorum,
799 2539 908 2598 tamen
938 2533 1020 2600 haec
1048 2535 1117 2600 sine
1145 2537 1242 2603 dubio
1271 2545 1323 2605 est

149 2639 319 2715 sententia,
340 2632 560 2717 aThucydide
582 2633 690 2718 aliquo
713 2635 784 2701 loco
805 2637 957 2720 usurpari
978 2637 1111 2703 verbum
1133 2632 1241 2721 σείειν,
1263 2641 1322 2707 ubi

150 2760 254 2807 sermo
277 2746 326 2804 est
347 2738 388 2802 de
404 2736 500 2802 corde
523 2731 597 2818 (ἐπὶ
620 2740 678 2824 τῆς
699 2734 856 2822 καρδίας).
899 2738 985 2804 ΤεΙίε
1001 2747 1110 2805 autem
1124 2741 1223 2821 locus,
1247 2763 1322 2809 cum

151 2846 183 2908 in
216 2842 336 2908 nostris
368 2838 532 2905 codicibus
565 2841 697 2904 uoniam
728 2847 842 2919 exstet,
880 2847 1024 2908 mutatus
1061 2845 1104 2908 sit
1140 2851 1271 2930 oportet
1300 2866 1323 2912 a

152 2943 380 3030 grammaticis.
422 2939 608 3022 Usurpatur
631 2948 739 3007 antem
761 2942 953 3009 vocabulum
976 2941 1093 3030 καρδία
1115 2947 1213 3013 semel
1233 2949 1324 3033 apud

152 3046 370 3131 Thucydidem
393 3041 447 3125 (Il,
469 3044 532 3124 49),
555 3041 611 3106 ubi
634 3043 674 3110 de
695 3045 807 3111 morbo
830 3046 966 3112 dicitnr:
998 3043 1053 3111 καί
1075 3042 1182 3114 ὁπότε
1209 3047 1243 3128 ἐς
1264 3045 1324 3137 τὴν

151 3144 286 3232 καρδίαν
309 3141 465 3234 στηρίξαι,
488 3137 665 3232 δνέστρεφέ
686 3170 721 3211 τε
743 3141 849 3234 αδτήν.
894 3148 1037 3232 Cumque
1059 3158 1229 3234 praeterea
1249 3172 1324 3218 nus·

153 3273 251 3336 quam
273 3251 361 3334 apud
381 3248 602 3335 Thucydidem
624 3245 741 3333 καρδία
762 3250 953 3329 inveniatur,
968 3336 972 3341 ἡ
985 3250 1084 3318 σείειν
1112 3275 1240 3338 quoque
1260 3254 1326 3321 hoo

153 3373 217 3421 uno
239 3361 366 3420 tantum
387 3351 458 3418 loco
475 3352 678 3418 coniunctum
700 3353 799 3418 fuisse
822 3359 930 3436 potest
952 3376 1025 3420 cnm
1039 3352 1166 3444 καρδίᾳ.
1208 3357 1325 3442 ltaque

153 3457 346 3524 scholiastae
367 3453 472 3520 verbis
488 3453 625 3520 confisus
641 3457 795 3540 suspicor,
818 3477 877 3538 pro
899 3455 1024 3541 vulgari
1046 3453 1222 3546 ἀνέστρεφε
1244 3462 1325 3527 scri-

153 3559 294 3626 bendum
315 3578 384 3624 esse
405 3551 489 3623 ἔσειε
504 3564 541 3642 1).
585 3557 647 3623 Vix
668 3559 886 3624 necessarium
906 3560 1036 3626 videtur
1056 3581 1193 3641 monere,
1223 3562 1326 3629 simil·

243 3783 266 3851 ²)
285 3781 373 3849 Quam
401 3779 590 3835 coniecturam
623 3781 670 3850 qui
699 3781 925 3851 comprobaverit
956 3781 1022 3838 inde
1050 3788 1190 3840 exstrems
1216 3803 1327 3856 quoque

155 3869 322 3925 scholiastae
340 3869 427 3924 verba
444 3869 553 3938 poterit
570 3885 678 3924 sanare.
713 3869 800 3925 Deest
824 3870 899 3924 enim
923 3870 954 3924 in
971 3871 1077 3926 scholio
1095 3873 1152 3926 ulla
1169 3872 1325 3942 adnotatio,

155 3974 275 4028 quanam
299 3957 329 4010 in
351 3960 434 4026 parta
457 3956 627 4026 Thucydidis
655 3958 836 4013 historiarum
857 3957 975 4013 verbum
1004 3962 1087 4011 σείειν
1111 3960 1152 4014 ita
1179 3960 1216 4015 sit
1245 3978 1326 4015 usur·

155 4049 261 4115 patum,
291 4061 354 4098 cum
382 4044 450 4099 alias
479 4045 589 4099 soleant
613 4046 781 4100 scholiastae
804 4047 896 4100 locum
925 4063 1007 4114 quem
1041 4045 1199 4116 significare
1227 4048 1327 4103 volunt

154 4133 299 4202 paululum
311 4132 468 4186 accuratius
481 4131 606 4202 delinire·
645 4132 721 4200 Quae
740 4132 865 4187 definitio
886 4132 962 4203 apud
975 4134 1153 4188 scholiastam
1167 4134 1327 4191 desiderata

154 4224 245 4276 latera
262 4219 331 4274 mihi
350 4218 463 4275 videtur
481 4220 510 4274 in
528 4219 621 4275 verbis
640 4221 777 4290 corruptis
796 4217 828 4272 τὸ
846 4215 936 4291 ὄνομα
956 4217 1072 4292 φράζειν,
1093 4238 1210 4292 cumque
1218 4222 1328 4293 Thucy·

157 4308 236 4363 didos
254 4305 373 4377 καρδίαν
391 4310 475 4360 σείειν
492 4300 589 4362 utatur
612 4308 641 4361 in
658 4308 757 4364 morbo
776 4307 971 4376 describendo,
997 4309 1134 4377 suspicor,
1157 4326 1208 4378 pro
1233 4311 1328 4367 verbis

135 4392 199 4442 r'llr's
214 4393 401 4448 scabendum
421 4412 490 4464 esse,
517 4392 549 4448 τὸ
568 4392 680 4468 νόσημα
699 4392 819 4470 φράζον,
848 4413 921 4465 „qun
937 4395 1001 4451 loco
1017 4397 1149 4452 morbum
1165 4398 1328 4456 describit“.
