2918 4770
723 245 742 309 8

145 430 215 496 vult
236 430 456 516 Thucydidem
478 431 620 498 Socratis
647 431 758 513 fugam
786 431 1082 497 commemoravisse
1105 430 1172 510 sed,
1206 439 1243 498 ut
1264 454 1316 498 me

146 532 257 599 docuit
267 532 539 611 Wilamowitzius,
562 535 695 618 respicit
711 533 754 599 ad
769 532 1034 598 commentarium
1049 552 1143 598 sunm
1165 534 1207 600 ad
1217 534 1317 603 Thnc.

77 713 81 721 ι
145 633 200 699 lib.
222 634 274 700 IV.
296 641 330 699 et
358 636 439 701 dicit
466 657 501 701 se
532 638 566 700 in
593 636 649 701 illo
677 636 906 702 commentario
935 633 1025 698 illam
1046 633 1156 716 fugam
1179 657 1317 702 comme-

144 737 325 802 moravisse.
377 736 467 803 Idem
496 738 760 804 commentarium
793 737 891 802 etiam
918 737 952 799 in
974 735 1096 802 scholio
1125 737 1247 804 inedito
1276 739 1319 805 ad

145 859 176 922 p.
185 839 257 916 607,
273 839 315 904 30
329 831 433 904 Dind‘
442 844 677 917 commemorat,
695 837 751 903 cfr.
765 837 851 905 inira
865 844 954 904 testt.
969 838 1012 902 ad
1025 837 1064 916 ΙΙ,
1080 839 1131 903 94.
1164 839 1318 906 Eiusdem

146 939 341 1007 scholiastae
364 960 453 1006 error
475 940 615 1006 dilucide
637 940 833 1024 perspicitur
855 940 910 1020 ΙΙΙ,
932 937 1005 1018 518,
1028 941 1048 1004 9
1070 940 1166 1006 Dind.
1188 963 1220 1025 p.
1246 944 1316 1021 193,

144 1042 345 1110 assessu:
367 1039 602 1129 Δημοσθενικὴ
617 1040 654 1107 δὲ
675 1035 694 1127 ἡ
720 1037 814 1122 λε’ξις,
837 1035 961 1128 εἴρηται
975 1039 1012 1107 δὲ
1033 1038 1067 1106 ἐν
1084 1042 1315 1121 Φιλιππικοῖς·

144 1148 200 1208 νῦν
221 1142 259 1210 δὲ
279 1140 364 1228 ὅπερ
385 1141 442 1208 καὶ
463 1138 537 1228 dou
559 1139 767 1230 ἐδηλώσαμεν
783 1136 1011 1230 ἅρχαιότροπα
1026 1139 1116 1226 ὑμῶν
1137 1143 1179 1210 τὰ
1202 1145 1317 1233 ἐπιτη-

145 1241 300 1328 δεύματα,
322 1268 406 1331 quae
428 1247 525 1312 rerba
546 1246 669 1314 frustra
690 1248 779 1332 apud
793 1247 1040 1312 Demosthenem
1062 1248 1218 1330 requiras,
1241 1256 1318 1315 sunt

146 1349 231 1414 enim
244 1347 441 1434 Thucydidis
450 1349 479 1427 I,
503 1350 542 1414 71
567 1350 633 1432 (56,
656 1352 700 1434 4).
743 1349 875 1415 Erravit
896 1349 998 1432 igitur
1014 1354 1126 1431 aperte
1141 1349 1317 1417 scholiasta

144 1452 178 1514 in
200 1451 336 1530 nomine,
358 1451 446 1517 nnde
467 1450 590 1517 iactum
611 1452 749 1530 videtur,
780 1456 818 1515 ut
839 1449 1016 1516 Schoenius
1045 1450 1132 1515 hunc
1153 1449 1261 1517 locum
1282 1452 1317 1517 in

144 1553 384 1619 adnotationem
406 1573 498 1620 suam
519 1574 583 1619 non
605 1555 774 1638 reciperet.

230 1655 379 1721 Aristidis
402 1655 502 1721 codex
517 1655 744 1741 Thucydidem
759 1655 905 1739 proxime
927 1653 1103 1718 accessisse
1125 1654 1253 1721 videtur
1275 1657 1318 1720 ad

146 1756 184 1822 G.
227 1755 338 1823 Nostri
362 1757 446 1822 enim
461 1756 587 1823 codices
610 1758 666 1823 ubi
687 1758 773 1822 inter
795 1777 830 1821 se
845 1756 1041 1839 discrepant,
1064 1756 1224 1823 Aristides
1238 1757 1318 1824 facit

146 1880 219 1925 cnm
234 1859 263 1926 G
279 1866 391 1925 contra
413 1866 537 1927 ceteros
559 1859 609 1924 bis
632 1859 721 1944 (142,
739 1860 778 1923 12
800 1896 841 1904 -
866 1857 936 1934 146,
952 1857 1021 1941 26),
1045 1878 1117 1923 eum
1134 1857 1189 1924 CG
1204 1867 1318 1926 contra

146 1967 271 2027 ceteros
293 1959 391 2027 semel
413 1961 501 2042 (124,
521 1961 587 2046 24),
610 1982 683 2026 cum
696 1957 833 2026 BGEFG
857 1966 971 2025 contra
992 1958 1021 2024 A
1042 1960 1140 2025 semel
1162 1960 1249 2044 (141,
1272 1964 1317 2047 3).

144 2063 267 2143 Quater
288 2064 389 2148 igitur
410 2061 490 2128 iacit
512 2084 583 2129 cnm
606 2062 644 2140 G,
668 2063 718 2128 bis
741 2083 814 2128 cum
836 2061 870 2138 G,
892 2061 990 2126 semel
1013 2084 1084 2128 cum
1105 2063 1196 2129 BEF.
1241 2065 1317 2132 Pro·

143 2167 230 2231 xime
250 2166 351 2249 igitur
374 2164 475 2231 codex
495 2164 647 2230 Aristidis
674 2165 717 2230 ad
740 2163 769 2230 G
791 2164 964 2229 accessisse
987 2164 1122 2231 videtur.
1167 2167 1316 2233 Ceterum

144 2288 340 2351 quamquam
351 2266 570 2351 Thucydidem
591 2252 686 2331 sunm
708 2266 788 2331 bene
809 2266 908 2343 novit,
931 2271 1040 2330 tamen
1053 2266 1218 2332 interdum
1232 2289 1314 2350 quo-

143 2390 207 2453 que
228 2375 317 2436 errat
336 2370 370 2432 in
392 2368 569 2434 referendis
590 2368 687 2434 rebus
709 2389 729 2434 a
750 2366 938 2451 Thucydide
959 2368 1110 2434 narratis.
1152 2367 1251 2435 Velut
1272 2370 1314 2450 ΙΙ,

146 2471 207 2537 142
227 2470 369 2536 affirmat
381 2469 538 2537 Periclem
559 2469 712 2536 classisG
735 2472 864 2536 navium
885 2469 1086 2554 praefectum
1108 2470 1216 2550 fuisse,
1240 2493 1314 2538 cnm

145 2571 353 2658 Thucydides·
365 2571 413 2650 H,
436 2572 476 2638 31
501 2573 659 2656 expressis
681 2573 788 2639 verbis
810 2572 909 2650 dicat,
934 2592 1007 2637 enm
1028 2572 1094 2639 illis
1115 2574 1315 2657 temporibus

144 2674 322 2759 praefuisse
348 2673 524 2757 peditibus.
568 2675 639 2752 Qua
665 2681 774 2740 tamen
804 2674 838 2737 in
865 2694 902 2738 re
930 2695 992 2740 non
1020 2673 1129 2740 differt
1155 2676 1315 2742 Aristides

144 2776 186 2843 ab
215 2774 288 2841 aliis
316 2774 445 2841 illorum
472 2782 653 2860 temporum
681 2776 853 2853 historicis,
889 2775 946 2858 qui
976 2775 1072 2860 vulgo
1101 2776 1247 2856 eredunt,
1280 2778 1313 2843 in

142 2876 227 2944 bello
260 2875 365 2961 pelop.
408 2877 564 2942 Periclem
598 2879 705 2961 ipsum
740 2876 852 2943 classis
884 2875 984 2943 fuisse
1013 2879 1224 2963 praefectum,
1258 2879 1315 2945 cfr.

144 2979 238 3045 Diod.
271 2978 341 3044 XII.
375 2978 427 3058 45,
461 2978 481 3042 3
512 2978 596 3044 Plnt.
629 2979 702 3043 Per.
736 3001 762 3044 c.
795 2979 845 3044 35.
901 2979 965 3045 Ubi
997 2980 1154 3046 Aristides
1183 2981 1315 3048 verbum

145 3082 316 3165 exscripsit
343 3101 382 3145 ex
411 3081 508 3147 verbo
530 3082 675 3148 admittit
698 3081 776 3146 vitia
797 3101 926 3164 quoqne
949 3081 1056 3148 aliena
1077 3104 1099 3148 a
1121 3083 1191 3150 cod.
1216 3083 1245 3150 G
1266 3085 1314 3151 ita

144 3192 182 3249 ut
209 3182 359 3249 videatur
385 3182 468 3248 libro
496 3204 574 3249 usus
605 3203 674 3248 esse
705 3189 737 3248 et
763 3184 886 3267 scripto
915 3182 1122 3268 neglegenter
1150 3191 1184 3250 et
1210 3186 1313 3252 inter-

143 3285 263 3371 polato.
307 3284 371 3351 sfr.
393 3283 524 3350 Aristid.
545 3284 585 3364 II,
610 3286 652 3350 64)
676 3283 792 3369 (Thnk.
815 3284 854 3363 ΙΙ,
877 3284 942 3366 65).

226 3385 436 3469 Hermogenis
458 3385 559 3452 codex
581 3385 718 3451 multum
739 3408 760 3453 a
781 3387 900 3452 nostris
920 3386 1083 3453 codicibus
1105 3388 1313 3457 abhorruisse

141 3488 269 3555 videtur
291 3488 333 3573 (si
355 3487 486 3571 quidem
512 3488 580 3553 eins
603 3490 711 3555 variae
733 3489 887 3555 lectiones
916 3491 951 3552 in
981 3487 1071 3555 nullo
1094 3511 1204 3558 eorum
1223 3493 1314 3560 inve-

142 3590 298 3672 niuntur),
321 3610 517 3673 quamquam
540 3611 579 3654 ex
592 3589 743 3657 brevibus
764 3590 854 3669 locis,
877 3610 959 3674 quos
973 3601 1210 3674 commemorat,
1233 3597 1314 3663 certi

142 3690 225 3756 nihil
257 3690 419 3758 affirmare
448 3691 561 3757 audeo.
620 3691 767 3758 Ceterum
798 3713 903 3776 neque
933 3713 953 3758 a
980 3692 1186 3762 librariorum
1215 3698 1312 3778 vitiis,

143 3815 248 3878 neque
269 3815 290 3860 a
312 3793 596 3876 grammaticorum
618 3796 808 3880 corruptelis
830 3801 933 3862 vacat.

228 3894 320 3974 Quod
342 3895 385 3961 ad
399 3894 610 3980 Hermogenis
633 3896 833 3976 scholiastes,
856 3898 897 3963 de
920 3897 1084 3965 codicibus
1098 3897 1312 3985 Thucydideis

77 4071 82 4080 ,
144 3995 281 4082 Syriaci,
303 3996 492 4078 Marcellini,
517 3998 646 4079 Georgii
668 3998 849 4078 Diaeretse‚
871 3999 1006 4066 loannis
1027 3999 1207 4079 Siceliotae,
1229 4004 1312 4070 Ano·

143 4118 311 4184 nymorum
342 4097 410 4163 iere
440 4100 526 4165 idem
558 4098 654 4176 valet,
691 4102 780 4182 quod
812 4101 852 4166 de
885 4101 1095 4184 Hermogene,
1131 4104 1193 4170 nisi
1225 4105 1313 4189 quod

144 4199 298 4285 Syrianus
327 4199 422 4285 longe
445 4200 688 4285 diligentissime
717 4201 833 4268 horum
855 4203 1103 4270 scholiastarum
1125 4226 1164 4271 cx
1185 4205 1313 4292 Thucy·

144 4301 220 4368 dide
242 4300 330 4367 locos
352 4303 560 4387 exscripsisse
581 4301 661 4368 mihi
682 4303 820 4369 videtur.
1252 4310 1258 4320 '
1316 4320 1318 4326 '

210 4401 358 4481 Sopater
374 4402 447 4469 sere
465 4423 599 4490 semper
618 4404 793 4473 lectionem
814 4406 952 4492 praebet
972 4406 1112 4475 ahenam
1133 4428 1155 4475 a
1174 4408 1312 4477 Bekkeri
