2918 4770
700 261 742 327 25

221 450 246 516 Ι.
269 450 299 515 5.
344 446 507 535 ἐληΐζοντο
529 446 566 514 δὲ
580 441 636 512 καὶ
650 444 720 513 κατ’
733 441 869 535 ἤπειρον
883 435 1052 534 ἀλλήλους·
1074 442 1112 511 τό
1128 470 1163 511 τε
1178 445 1309 532 σιδηρο-

134 556 315 640 φορεῖσθαι
337 549 469 629 τούτοις
500 553 572 629 τοῖς
596 546 796 639 ἦποιριύταις
818 546 887 616 α’πό
913 553 970 637 τῆς
992 549 1138 625 παλαιᾶς
1160 543 1311 636 λῃστείας

136 653 363 741 ἐμμεμένηκεν.

222 792 247 857 Ι.
271 792 300 856 6.
345 794 478 879 σημεῖον
506 786 536 856 d'
539 787 610 858 ἐστὶ
631 795 734 857 ταῦτα
761 795 819 876 τῆς
844 785 998 867 Ἑλλάδος
1026 784 1076 855 ἔτι
1105 783 1189 853 odana
1217 783 1311 870 νεμό-

135 917 218 976 μενα
240 888 334 978 (περί
356 917 393 958 τε
409 890 567 976 Λοκρούς
588 888 664 970 τούς
682 885 816 972 Ὀζόλας
846 890 900 957 καὶ
922 888 1101 967 Αἰτωλούς
1122 889 1178 956 καὶ
1194 884 1312 975 Ἀκαρ-

138 999 238 1074 νᾶνας
260 992 316 1060 καὶ
337 993 396 1081 τὴν
417 993 518 1084 ταύτῃ
539 991 689 1084 ἤπειρον)
711 999 777 1060 τῶν
799 1017 885 1060 ποτε
906 993 962 1059 καὶ
985 991 1018 1072 ἐς
1036 991 1167 1071 πάντας
1189 989 1312 1077 ὁμοίων

138 1093 367 1184 διαιτημάτων.
1288 1150 1289 1155 ,

224 1200 388 1266 Habemus
409 1200 511 1284 igitur
532 1199 614 1265 duas
635 1198 732 1266 huius
754 1200 817 1266 loci
839 1201 1051 1278 recensiones,
1075 1199 1210 1264 alteram
1225 1199 1296 1263 Mar

138 1303 258 1382 collini,
281 1303 493 1386 Hermogenis
520 1301 666 1367 alteram.
710 1305 817 1387 Atque
844 1305 878 1367 in
901 1302 1080 1368 Marcellini
1103 1301 1234 1385 quidem
1260 1321 1312 1364 re·

139 1409 288 1474 censione
308 1412 443 1492 propter
466 1404 584 1470 malam
605 1407 841 1489 repetitionem,
863 1406 903 1470 de
926 1427 992 1489 qua
1005 1425 1105 1488 supra
1128 1405 1188 1488 egi,
1213 1403 1313 1469 offen-

139 1511 283 1575 dendum
312 1515 369 1586 est,
398 1530 472 1574 cum
493 1508 753 1591 Hermogeniana
780 1508 856 1572 ferri
887 1529 982 1592 posse
1008 1508 1164 1573 videatur.
1213 1506 1313 1572 Prac-

139 1620 232 1678 terca
245 1633 331 1678 *cum
352 1611 570 1693 Hermogenes
595 1617 646 1674 tot
674 1611 767 1675 annis
795 1618 872 1675 ante
891 1609 1114 1676 Marcellinum
1145 1610 1252 1684 fuerit,
1278 1629 1314 1700 re

139 1736 216 1782 vera
238 1716 307 1780 eius
333 1714 550 1780 recensionem
578 1715 750 1797 genuinam
782 1720 815 1779 et
843 1712 1022 1778 Marcellini
1050 1713 1177 1777 demum
1210 1732 1250 1775 ex
1276 1730 1315 1774 ca

140 1826 328 1902 corruptam
351 1836 421 1882 csse
443 1823 531 1899 puto.

229 1955 330 2021 19.1.
373 1945 570 2018 αὐτῶντῶν
592 1947 808 2036 εὐδαιμόνων]
844 1949 956 2030 αὐτοῖς
993 1955 1085 2021 codd.
1144 1950 1315 2018 Siceliotae

142 2058 307 2142 scriptura
329 2054 462 2121 eandem
485 2055 595 2120 reddit
616 2056 808 2120 sententiam
830 2063 930 2139 atque
948 2057 1094 2122 codicum
1110 2048 1230 2135 αὐτοῖς,
1252 2056 1316 2119 ita·

142 2182 206 2244 que
227 2181 286 2244 per
307 2179 342 2224 se
356 2157 438 2223 nihil
453 2159 599 2242 impedit,
623 2160 794 2240 quominus
809 2159 965 2241 scriptum
985 2181 1053 2224 esse
1075 2160 1179 2244 possit
1193 2179 1213 2223 a
1227 2158 1316 2222 Thu-

142 2263 256 2348 cydide
279 2255 398 2326 αὐτῶν.
443 2261 505 2326 Sed
529 2283 603 2326 cum
624 2261 803 2344 simplicius
828 2263 871 2327 sit
901 2283 999 2345 quam
1025 2258 1153 2340 αὐτοῖς,
1186 2283 1227 2326 ex
1254 2260 1316 2325 hoc

142 2364 183 2429 de
205 2363 339 2430 consilio
361 2363 491 2429 videtur
512 2371 684 2442 mutatum,
707 2385 903 2448 quamquam
925 2372 1060 2448 propter
1073 2365 1316 2430 similitudinem

143 2488 229 2550 quae
249 2467 423 2532 intercedit
444 2468 530 2531 inter
552 2459 668 2543 αὐτοῖς
689 2474 722 2531 et
736 2461 853 2545 cilenia,
876 2466 1046 2533 Siceliotae
1061 2469 1225 2551 scriptura
1239 2485 1315 2530 casu

143 2590 274 2654 quoque
309 2576 382 2634 orta
419 2589 488 2633 esse
522 2577 640 2652 potest.
699 2569 794 2634 Certe
825 2590 897 2634 eum
933 2571 1017 2635 idem
1052 2571 1188 2646 dativus,
1220 2590 1316 2652 quem

142 2672 290 2756 Krusger
319 2671 515 2755 (4s.12.2)
544 2664 687 2736 dativum
714 2674 926 2755 possessivum
956 2672 1115 2756 explicat,
1141 2670 1316 2749 chamill,

143 2777 194 2843 98.
216 2778 237 2843 2
259 2797 280 2842 a
301 2773 489 2858 Thucydide
511 2781 695 2858 usurpetur,
719 2775 868 2841 mutandi
890 2775 980 2840 nulla
1004 2796 1103 2841 causa
1125 2782 1183 2841 cst.

232 2916 281 2978 19.
303 2913 332 2977 2.
379 2910 435 2978 διὰ
456 2910 494 2977 τὸ
517 2909 741 2999 ἁβροδίαιτον]
766 2912 854 2979 Haec
869 2915 967 2979 verba
986 2915 1047 2979 nisi
1063 2915 1105 2979 ad
1127 2908 1317 2978 ἐπαύσαντο

143 3017 322 3102 φοροῦντος
343 3016 457 3081 referri
480 3037 542 3081 non
565 3036 659 3100 posse
681 3023 828 3100 apparet,
852 3018 899 3082 ita
920 3023 957 3082 ut
977 3019 1137 3082 sententia
1152 3019 1195 3083 sit
1215 3038 1317 3082 enun-

143 3118 217 3183 tiati
243 3126 387 3194 „veteres
410 3127 543 3203 propter
572 3118 735 3183 luxuriam
766 3119 932 3184 desierunt
953 3121 1073 3185 tunicis
1100 3119 1208 3186 linteis
1239 3121 1317 3185 utic.

144 3219 215 3286 Hoc
236 3226 346 3285 autem
361 3220 580 3306 Thucydidem
603 3222 712 3286 dicere
735 3242 796 3286 non
816 3221 963 3298 voluisse,
987 3224 1044 3288 sed
1065 3223 1203 3288 voluisse
1225 3243 1317 3307 pror-

144 3343 201 3388 sus
228 3318 440 3388 contrarium:
474 3325 699 3409 „usurpavisse
732 3331 856 3389 veteres
883 3326 1011 3391 tunicas
1039 3325 1157 3391 linteas
1184 3333 1319 3411 propter

144 3424 338 3504 luxuriam“,
368 3447 431 3491 non
460 3427 559 3492 debet
586 3427 810 3492 demonstrari,
859 3427 946 3510 Ergo
976 3429 1103 3494 codices
1133 3436 1318 3512 corruptam

96 3612 98 3616 Α
145 3527 343 3613 Thucydidis
375 3529 569 3612 scripturam
600 3529 780 3614 praebeant
807 3537 944 3613 oportet.
989 3530 1159 3597 Classenus
1188 3533 1319 3617 quidem

146 3633 295 3700 codicum
318 3633 512 3715 scripturam
540 3651 667 3697 servare
696 3632 823 3697 studet:
858 3629 916 3713 „od
943 3631 1050 3712 πολύς
1069 3630 1182 3717 χρόνος
1203 3632 1318 3720 ἐπειδὴ

147 3731 337 3801 ἐπαύσαντο
360 3738 535 3822 φοροῦντες
556 3736 600 3800 ist
619 3756 682 3799 nur
696 3736 740 3820 (λ)
763 3736 835 3800 eine
857 3736 976 3802 andere
1000 3737 1169 3822 Wendnng
1192 3737 1258 3802 tiir:
1281 3732 1319 3802 οὗ

147 3835 214 3922 πρὸ
237 3837 363 3904 πολλοῦ
384 3832 434 3902 ἔτι
456 3832 605 3925 ἐφόρουν,
632 3837 700 3901 und
727 3837 847 3902 diesem
870 3839 967 3905 Sinne
995 3844 1120 3922 gem‘dss
1147 3843 1191 3906 ist
1217 3841 1319 3905 daher

80 3962 83 3967 ’
147 3941 232 4007 auch
254 3940 313 4006 der
342 3939 471 4006 causale
493 3940 663 4005 Ausdruch
692 3941 975 4023 vorangeschiekt:
1008 3938 1063 4007 διὰ
1089 3938 1127 4007 τὸ
1149 3937 1319 4028 ἁβροδίαι-

146 4049 235 4108 τον“.
281 4044 324 4106 At
345 4064 422 4107 num
445 4063 543 4108 sanae
567 4042 750 4125 explicandi
778 4045 914 4110 rationis
937 4065 1005 4111 osse
1033 4052 1150 4130 potest,
1177 4067 1237 4130 pro
1259 4046 1318 4113 ali-

147 4169 213 4231 quo
243 4145 355 4221 verbo,
389 4145 476 4228 quod
498 4145 540 4208 sd
573 4166 641 4209 rem
670 4154 812 4212 nostram
843 4167 908 4211 non
938 4149 1088 4231 quadrat,
1122 4148 1319 4215 substituere

147 4248 318 4335 quodlibet
340 4246 429 4312 aliud
451 4246 581 4312 verbum
606 4255 640 4311 et
665 4254 734 4314 tum
762 4250 869 4316 omnia
895 4250 1131 4335 simplicissima
1159 4272 1237 4329 esse,
1268 4252 1318 4315 di·

148 4353 241 4420 core?
289 4351 475 4434 Kruegerus
510 4350 664 4416 adnotat:
700 4349 777 4432 „ovo
811 4348 852 4418 τὸ
889 4345 1103 4438 enecatum
1142 4351 1269 4430 gesom
1298 4367 1351 4406 uu

144 4453 324 4540 φοροῦντες
356 4452 419 4520 mit
454 4451 722 4546 Hervorhcbung
757 4454 1079 4545 meruergestehs.
1145 4450 1192 4512 ht
1226 4447 1263 4506 er
1298 4455 1385 4499 em
