2918 4770
705 202 746 268 39

136 387 231 453 limas
252 388 339 470 apud
362 386 581 472 Thucydidem
603 391 803 474 corruptelas
832 391 898 456 iam
927 391 968 457 ab
989 390 1062 457 aliis
1085 413 1155 457 esse
1175 393 1308 459 demon·

138 497 269 566 stratas,
299 488 387 555 velut
406 489 464 567 VI,
487 491 538 567 74,
561 492 590 570 2,
613 493 669 557 ubi
690 487 765 576 ὅρια
787 514 825 558 ex
847 491 968 558 scholio
990 494 1130 559 omnium
1153 515 1308 570 consensu

137 593 283 660 restituit
304 591 458 676 Pluygers
491 592 622 675 (Mnem.
644 594 699 674 XI,
728 595 770 660 92
793 597 832 663 cf.
855 594 948 661 Stahl
970 596 1003 658 in
1025 595 1099 660 adu.
1122 598 1216 682 crit).
1259 597 1308 661 Ex

139 694 301 779 Stephano
324 693 480 778 Byzantio
509 698 639 761 nomina
665 699 798 780 propria
825 697 971 762 restituit
1005 696 1041 760 B.
1062 695 1171 773 Niese3
1203 697 1243 775 11,
1266 700 1308 763 23

138 801 202 864 iam
228 802 304 862 ante
332 817 404 861 eum
433 800 464 859 Γ
461 793 574 883 pecude
606 819 645 863 ex
673 798 837 882 Stephano
864 819 924 883 pro
952 797 1097 863 codicum
1126 794 1308 886 Πειραϊκήν

138 900 326 966 restitutum
365 905 445 976 erat,
484 920 550 982 qua
588 899 628 964 de
662 901 884 967 emendatione
920 899 1008 966 hand
1040 900 1123 966 male
1153 900 1190 966 Β.
1213 901 1307 967 Niese

139 1004 262 1088 (Herm.
283 1000 371 1078 XIV,
396 1001 489 1087 aab:
520 1001 644 1079 „H‘atte
672 1025 733 1070 uns
755 1002 939 1088 Stephanus
965 1002 1056 1067 nicht
1078 1002 1137 1067 das
1158 1002 1309 1086 Richtige

139 1105 294 1182 erhalten,
328 1124 363 1169 so
392 1103 522 1167 uiirden
555 1105 611 1168 wir
639 1106 723 1172 noch
747 1106 831 1191 jetzt
857 1107 909 1171 die
934 1099 1092 1190 Πειραϊκή
1123 1105 1155 1168 in
1188 1124 1306 1170 unsern

138 1209 260 1274 Texten
282 1205 389 1285 sehon,
406 1207 443 1290 ja
464 1206 565 1273 selbst
587 1229 676 1273 wcnn
698 1207 802 1274 durch
825 1209 895 1273 eine
910 1206 1092 1290 gliiclrliche
1107 1206 1307 1290 Vermutnng

139 1312 198 1376 das
213 1308 362 1391 Richtige
384 1316 511 1375 erraten
533 1313 626 1387 ware,
649 1330 685 1376 so
708 1311 818 1376 uiirde
839 1311 927 1376 diosc
950 1309 1034 1377 doch
1055 1307 1245 1375 schuerlich
1266 1330 1306 1374 zu

138 1412 345 1497 allgemeiuer
366 1410 606 1495 Anerlrennuug
629 1411 919 1496 durohgedrungen
941 1415 1041 1479 sein“.

222 1547 247 1626 1,
272 1547 344 1611 141.
367 1546 433 1630 (97,
456 1548 510 1626 29)
532 1541 647 1627 αὐτοῖς
668 1546 777 1631 ἐστιν(
821 1550 854 1616 Si
877 1549 1004 1615 codices
1026 1549 1059 1612 in
1081 1547 1189 1630 aliquo
1210 1568 1306 1614 voca·

138 1651 214 1718 bulo
248 1648 435 1717 collocando
466 1650 552 1714 inter
585 1670 621 1715 se
651 1651 846 1735 discrepant,
878 1651 1068 1734 plerumque
1090 1652 1216 1732 signum
1248 1657 1307 1727 est,

137 1760 263 1820 textum
294 1751 356 1817 hoc
384 1751 456 1816 loco
486 1772 601 1816 sanum
629 1773 693 1817 non
725 1774 803 1818 esse.
846 1753 961 1836 ltaque
988 1751 1051 1817 hoc
1077 1772 1206 1835 quoquc
1233 1752 1305 1818 loco

135 1856 246 1922 mirari
268 1853 429 1933 debemus,
451 1853 539 1935 quod
554 1853 691 1937 Sopater
712 1848 823 1933 αὐτοῖς
845 1862 921 1921 ante
944 1849 1034 1920 ἐστίν
1054 1856 1155 1937 ponit,
1180 1856 1305 1921 codices

136 1958 204 2023 fere
225 1976 334 2021 omnes
361 1962 437 2040 post
459 1947 558 2032 ἐστίν,
588 1977 671 2021 unus
693 1955 718 2021 C
739 1958 869 2023 omittit.
913 1957 989 2023 Sine
1017 1955 1114 2021 dnbio
1140 1951 1251 2035 adroic
1271 1958 1305 2023 in

136 2058 312 2143 archetypo
343 2057 599 2141 superscriptum
631 2058 702 2123 fuit.
762 2059 860 2124 Cuius
894 2059 1176 2142 superscriptionis
1208 2081 1307 2126 causa

136 2161 235 2227 fuisse
263 2165 372 2244 potest
392 2159 520 2224 omissio
551 2166 610 2224 aut
630 2160 761 2226 articuli
788 2165 843 2246 τῷ,
874 2167 932 2225 aut
959 2161 1156 2243 pronominis
1183 2155 1306 2238 αὐτοῖς.

130 2265 242 2347 >Atque
264 2261 344 2326 mihi
364 2261 569 2327 consimilius
591 2267 650 2339 est,
681 2260 901 2346 Thucydidem
930 2262 1096 2345 scripsisse
1118 2265 1166 2348 τῷ
1187 2270 1221 2328 et
1243 2264 1305 2329 hoc

136 2386 156 2431 a
176 2364 309 2430 librario
324 2363 492 2448 archetypi
508 2383 576 2428 esse
592 2364 753 2429 omissum.
797 2364 1040 2429 Primum'ouim
1053 2363 1124 2448 loco
1142 2364 1303 2431 simillimo

136 2467 318 2550 (V1‚o‚s)
348 2466 399 2529 ita
422 2465 559 2548 legitur:
588 2461 798 2552 ἐψηφίσαντο
825 2464 982 2548 πρέσβεις
1011 2464 1147 2549 πέμψαι
1171 2469 1305 2550 πρῶτον

135 2565 170 2646 ἐς
191 2561 421 2654 τῆν”Εγεσιαν
434 2563 512 2652 περί
533 2591 570 2634 το
591 2572 656 2633 τῶν
675 2563 848 2657 χρημάτων
870 2566 1091 2652 σκεψομένους
1113 2561 1143 2632 εἰ
1164 2562 1306 2652 ὖιιᾶρχει

134 2669 169 2738 ἐν
189 2673 236 2757 τῷ
257 2673 364 2756 κοινῷ.
408 2669 532 2736 Deinde
554 2690 728 2754 pronomen
759 2664 859 2748 αὐτὸς
880 2670 970 2736 haud
991 2690 1066 2735 raro
1088 2692 1107 2736 a
1129 2670 1305 2737 lectoribus

134 2773 282 2839 additum
304 2771 441 2850 videtur,
464 2780 502 2838 ut
525 2775 628 2857 magis
650 2780 816 2856 appareat,
840 2793 905 2856 quo
927 2773 1086 2836 enuntiati
1107 2773 1239 2838 verbnm
1261 2774 1306 2839 sit
1361 2765 1364 2770 ’

134 2874 348 2941 referendum.
391 2874 466 2941 Jam
488 2875 600 2960 Poppo
622 2875 711 2953 adl,
739 2875 777 2940 18
806 2879 872 2967 cciv
893 2878 947 2940 νῦν
968 2868 1178 2940 ἐνοικούντων
1200 2868 1304 2963 αὐτὴν

134 2975 288 3062 Δωριέων
325 2997 364 3042 ex
392 2978 491 3043 variis
530 2978 701 3062 scripturis
740 2972 788 3059 (ἐν
815 2972 905 3066 αὐτῇ,
938 2970 1027 3065 αὐτῷ,
1061 2971 1181 3064 αὐτὴν),
1214 2981 1305 3046 varia

135 3079 354 3157 collocatione,
388 3080 557 3146 omissione
578 3081 611 3144 in
633 3079 703 3146 cod.
725 3080 753 3145 E
775 3078 941 3158 conclusit,
975 3078 1037 3145 hoc
1065 3101 1239 3164 pronomen
1261 3083 1303 3150 ab

134 3180 367 3266 interpretibus
390 3181 538 3247 additum
560 3201 646 3258 esse3
670 3181 768 3247 etiam
791 3202 817 3246 c.
840 3181 864 3258 Ι,
887 3180 929 3245 32
951 3182 1018 3266 (34,
1043 3183 1098 3269 16)
1119 3190 1194 3269 post
1214 3180 1302 3270 ὀργι-

135 3283 253 3365 ζεσθαι
284 3284 318 3348 in
351 3284 420 3349 cod.
454 3283 528 3349 Bas.
558 3276 682 3362 αὐτοῖς,
712 3284 856 3366 itemque
886 3304 912 3349 c.
942 3283 965 3361 1,
989 3283 1028 3348 91
1064 3285 1131 3367 (68,
1159 3287 1194 3372 6)
1228 3296 1303 3371 post

133 3383 335 3463 ἐνοικοῦντας
349 3385 384 3450 in
396 3385 450 3451 cd
466 3382 500 3450 ἐν
521 3379 605 3473 αὐτῇ
626 3386 707 3451 falso
723 3385 870 3451 additum
886 3392 944 3451 est.
988 3386 1154 3453 Postremo
1166 3388 1302 3473 Sopater

132 3487 194 3555 hoc
215 3488 286 3556 loco
309 3487 440 3554 exhibet
462 3484 496 3552 ἐν
517 3491 564 3574 τῷ
585 3493 684 3574 κοινῷ
705 3489 817 3571 itaque
838 3487 900 3553 hoc
925 3488 959 3552 in
982 3491 1051 3554 eius
1073 3489 1183 3556 codice
1203 3492 1301 3557 fuisse

132 3590 269 3657 ridetur.
314 3589 438 3668 Quibus
466 3591 507 3656 de
535 3591 641 3655 causis
668 3596 749 3673 puto
780 3589 985 3655 scribendum
1015 3611 1084 3656 esse
1112 3591 1203 3656 nobis
1231 3583 1298 3659 οὔτ’

132 3689 167 3758 ἐν
188 3696 235 3777 τῷ
255 3697 353 3776 κοινῷ
366 3688 513 3777 χρήματά
528 3689 627 3769 ἐστιν,
650 3690 767 3756 iberra
779 3740 785 3755 .
797 3740 821 3756 ..
865 3691 984 3756 Mirum
998 3695 1155 3758 tamenin
1171 3696 1300 3762 modum

132 3795 269 3879 Sopater
300 3794 343 3858 ad
371 3797 418 3879 τῷ
447 3794 540 3859 addit
569 3793 667 3858 etiam
700 3786 822 3870 αὐτοῖς.
867 3793 959 3873 Quod
980 3795 1029 3859 ita
1050 3800 1177 3860 tautum
1197 3797 1300 3881 expli·

133 3897 271 3963 candum
292 3896 430 3974 videtur,
458 3903 497 3960 ut
524 3894 605 3961 haec
628 3895 757 3979 Sopatri
783 3904 937 3980 excerpta
957 3896 1166 3980 Thucydideo
1186 3907 1300 3984 postea

132 4000 174 4066 ab
206 3999 269 4064 alio
303 3996 421 4063 collata
438 4017 602 4064 sumamus
633 4018 705 4062 cnm
728 3997 924 4082 Thucydidis
957 3997 1140 4082 exemplari,
1170 4000 1204 4066 in
1233 4023 1297 4086 quo

131 4206 305 4261 Vocabulum
321 4199 431 4276 νόσημα
449 4208 599 4274 propterea
617 4205 738 4259 electum
755 4204 876 4272 videtur,
894 4204 961 4274 quia
980 4221 997 4258 a
1015 4203 1178 4276 Tmoydide
1202 4209 1231 4262 in
1249 4209 1297 4265 illo

131 4294 191 4364 ipso
218 4294 281 4349 loco
307 4292 416 4362 saepius
444 4296 597 4363 usurpator
626 4292 672 4364 [11.
696 4295 731 4349 49
760 4293 833 4363 (131,
861 4295 919 4361 12);
948 4293 981 4347 51
1008 4291 1080 4364 (132,
1105 4295 1151 4367 1)],
1179 4313 1298 4366 cumque

122 4380 236 4459 'poetici
253 4381 290 4436 sit
308 4381 450 4450 sermonis,
468 4380 552 4438 facile
569 4397 588 4437 a
604 4381 728 4438 librariis
746 4381 893 4452 eorrumpi
905 4380 1017 4455 potuit„
1035 4407 1070 4421 -
