<?xml version="1.0" encoding="UTF-8"?>
<!DOCTYPE html PUBLIC "-//W3C//DTD XHTML 1.0 Transitional//EN"
    "http://www.w3.org/TR/xhtml1/DTD/xhtml1-transitional.dtd">
<html xmlns="http://www.w3.org/1999/xhtml" xml:lang="en" lang="en">
 <head>
  <title>
</title>
<meta http-equiv="Content-Type" content="text/html;charset=utf-8" />
  <meta name='ocr-system' content='tesseract 3.04.00' />
  <meta name='ocr-capabilities' content='ocr_page ocr_carea ocr_par ocr_line ocrx_word'/>
</head>
<body>
  <div class='ocr_page' id='page_1' title='image "./thucydidishisto00schrgoog_0045.png"; bbox 0 0 2918 4770; ppageno 0'>
   <div class='ocr_carea' id='block_1_1' title="bbox 706 225 747 289">
    <p class='ocr_par' dir='ltr' id='par_1_1' title="bbox 706 225 747 289">
     <span class='ocr_line' id='line_1_1' title="bbox 706 225 747 289; baseline 0.024 -1"><span class='ocrx_word' id='word_1_1' title='bbox 706 225 747 289; x_wconf 90' lang='lat'><strong>40</strong></span> 
     </span>
    </p>
   </div>
   <div class='ocr_carea' id='block_1_2' title="bbox 134 404 1325 4474">
    <p class='ocr_par' dir='ltr' id='par_1_2' title="bbox 139 404 1312 700">
     <span class='ocr_line' id='line_1_2' title="bbox 139 404 1311 496; baseline -0.001 -19"><span class='ocrx_word' id='word_1_2' title='bbox 139 405 253 488; x_wconf 74' lang='grc' dir='ltr'><em>αὗτυῖς</em></span> <span class='ocrx_word' id='word_1_3' title='bbox 273 411 431 495; x_wconf 87' lang='lat' dir='ltr'><strong>scripturn</strong></span> <span class='ocrx_word' id='word_1_4' title='bbox 452 410 515 476; x_wconf 84' lang='lat' dir='ltr'><strong>luit</strong></span> <span class='ocrx_word' id='word_1_5' title='bbox 537 419 570 478; x_wconf 92' lang='lat' dir='ltr'><strong>et</strong></span> <span class='ocrx_word' id='word_1_6' title='bbox 591 412 666 478; x_wconf 92' lang='lat' dir='ltr'><strong>inde</strong></span> <span class='ocrx_word' id='word_1_7' title='bbox 688 411 890 496; x_wconf 90' lang='lat' dir='ltr'><strong>adscriptum</strong></span> <span class='ocrx_word' id='word_1_8' title='bbox 911 409 1011 475; x_wconf 86' lang='lat' dir='ltr'><strong>fuisse</strong></span> <span class='ocrx_word' id='word_1_9' title='bbox 1032 404 1150 488; x_wconf 74' lang='grc' dir='ltr'><strong>αὐτοῖς.</strong></span> <span class='ocrx_word' id='word_1_10' title='bbox 1216 409 1311 477; x_wconf 87' lang='lat' dir='ltr'><strong>Hunc</strong></span> 
     </span>
     <span class='ocr_line' id='line_1_3' title="bbox 140 512 1312 600; baseline 0.001 -22"><span class='ocrx_word' id='word_1_11' title='bbox 140 515 172 578; x_wconf 93' lang='lat' dir='ltr'><strong>in</strong></span> <span class='ocrx_word' id='word_1_12' title='bbox 196 514 327 579; x_wconf 90' lang='lat' dir='ltr'><strong>modum</strong></span> <span class='ocrx_word' id='word_1_13' title='bbox 355 512 444 577; x_wconf 88' lang='lat' dir='ltr'><strong>haud</strong></span> <span class='ocrx_word' id='word_1_14' title='bbox 472 534 547 578; x_wconf 91' lang='lat' dir='ltr'><strong>raro</strong></span> <span class='ocrx_word' id='word_1_15' title='bbox 580 523 734 600; x_wconf 88' lang='lat' dir='ltr'><strong>excerpta</strong></span> <span class='ocrx_word' id='word_1_16' title='bbox 764 521 910 581; x_wconf 84' lang='lat' dir='ltr'><strong>veterum</strong></span> <span class='ocrx_word' id='word_1_17' title='bbox 938 512 1133 595; x_wconf 89' lang='lat' dir='ltr'><strong>scriptorum</strong></span> <span class='ocrx_word' id='word_1_18' title='bbox 1164 520 1312 579; x_wconf 89' lang='lat' dir='ltr'><strong>correcta</strong></span> 
     </span>
     <span class='ocr_line' id='line_1_4' title="bbox 140 614 949 700; baseline -0.004 -18"><span class='ocrx_word' id='word_1_19' title='bbox 140 637 219 695; x_wconf 87' lang='lat' dir='ltr'><strong>esse,</strong></span> <span class='ocrx_word' id='word_1_20' title='bbox 242 617 307 682; x_wconf 93' lang='lat' dir='ltr'><strong>iam</strong></span> <span class='ocrx_word' id='word_1_21' title='bbox 330 637 350 681; x_wconf 87' lang='lat' dir='ltr'><strong>a</strong></span> <span class='ocrx_word' id='word_1_22' title='bbox 372 615 477 680; x_wconf 89' lang='lat' dir='ltr'><strong>doctis</strong></span> <span class='ocrx_word' id='word_1_23' title='bbox 499 614 682 683; x_wconf 92' lang='lat' dir='ltr'><strong>hominibus</strong></span> <span class='ocrx_word' id='word_1_24' title='bbox 705 618 869 700; x_wconf 90' lang='lat' dir='ltr'><strong>cognitum</strong></span> <span class='ocrx_word' id='word_1_25' title='bbox 892 622 949 680; x_wconf 88' lang='lat' dir='ltr'><strong>cst.</strong></span> 
     </span>
    </p>

    <p class='ocr_par' dir='ltr' id='par_1_3' title="bbox 140 707 1319 3247">
     <span class='ocr_line' id='line_1_5' title="bbox 225 707 1312 804; baseline -0.002 -22"><span class='ocrx_word' id='word_1_26' title='bbox 225 717 264 796; x_wconf 94' lang='lat' dir='ltr'><strong>Il,</strong></span> <span class='ocrx_word' id='word_1_27' title='bbox 288 719 317 782; x_wconf 83' lang='lat'><strong>7.</strong></span> <span class='ocrx_word' id='word_1_28' title='bbox 340 717 427 801; x_wconf 78' lang='lat'><strong>(105,</strong></span> <span class='ocrx_word' id='word_1_29' title='bbox 450 719 506 802; x_wconf 84' lang='lat'><strong>30)</strong></span> <span class='ocrx_word' id='word_1_30' title='bbox 536 717 715 800; x_wconf 78' lang='grc' dir='ltr'><strong><em>λελυμένων</em></strong></span> <span class='ocrx_word' id='word_1_31' title='bbox 745 707 808 804; x_wconf 75' lang='grc' dir='ltr'><strong>ἤδη</strong></span> <span class='ocrx_word' id='word_1_32' title='bbox 830 718 1004 802; x_wconf 80' lang='grc' dir='ltr'><strong><em>λαμπρῶς]</em></strong></span> <span class='ocrx_word' id='word_1_33' title='bbox 1027 713 1204 795; x_wconf 73' lang='grc' dir='ltr'><em>λελυμένων</em></span> <span class='ocrx_word' id='word_1_34' title='bbox 1225 715 1312 799; x_wconf 82' lang='grc' dir='ltr'><strong><em>λαμ-</em></strong></span> 
     </span>
     <span class='ocr_line' id='line_1_6' title="bbox 141 810 1312 906; baseline -0.001 -23"><span class='ocrx_word' id='word_1_35' title='bbox 141 824 233 903; x_wconf 81' lang='grc' dir='ltr'><strong><em>πρῶς</em></strong></span> <span class='ocrx_word' id='word_1_36' title='bbox 254 819 346 886; x_wconf 89' lang='lat' dir='ltr'><strong>codd.</strong></span> <span class='ocrx_word' id='word_1_37' title='bbox 369 857 409 867; x_wconf 93' lang='lat'>-</span> <span class='ocrx_word' id='word_1_38' title='bbox 431 819 538 886; x_wconf 91' lang='lat' dir='ltr'><strong>Insert</strong></span> <span class='ocrx_word' id='word_1_39' title='bbox 560 819 736 886; x_wconf 80' lang='lat' dir='ltr'><strong>scholiasta</strong></span> <span class='ocrx_word' id='word_1_40' title='bbox 761 810 824 906; x_wconf 76' lang='grc' dir='ltr'><strong>ἤδη</strong></span> <span class='ocrx_word' id='word_1_41' title='bbox 851 820 937 883; x_wconf 92' lang='lat' dir='ltr'><strong>inter</strong></span> <span class='ocrx_word' id='word_1_42' title='bbox 959 813 1138 897; x_wconf 83' lang='grc' dir='ltr'><em>λελυμένων</em></span> <span class='ocrx_word' id='word_1_43' title='bbox 1165 824 1198 882; x_wconf 90' lang='lat' dir='ltr'><strong>et</strong></span> <span class='ocrx_word' id='word_1_44' title='bbox 1226 817 1312 902; x_wconf 86' lang='grc' dir='ltr'><strong><em>λαμ-</em></strong></span> 
     </span>
     <span class='ocr_line' id='line_1_7' title="bbox 140 918 1313 1006; baseline 0.001 -21"><span class='ocrx_word' id='word_1_45' title='bbox 140 925 233 1006; x_wconf 80' lang='grc' dir='ltr'><strong><em>πρῶς</em></strong></span> <span class='ocrx_word' id='word_1_46' title='bbox 254 921 340 1006; x_wconf 91' lang='lat' dir='ltr'><strong>qnod</strong></span> <span class='ocrx_word' id='word_1_47' title='bbox 362 921 447 986; x_wconf 93' lang='lat' dir='ltr'><strong>idem</strong></span> <span class='ocrx_word' id='word_1_48' title='bbox 470 921 561 986; x_wconf 89' lang='lat' dir='ltr'><strong>deest</strong></span> <span class='ocrx_word' id='word_1_49' title='bbox 583 922 615 985; x_wconf 94' lang='lat' dir='ltr'><strong>in</strong></span> <span class='ocrx_word' id='word_1_50' title='bbox 637 922 757 986; x_wconf 89' lang='lat' dir='ltr'><strong>nostris</strong></span> <span class='ocrx_word' id='word_1_51' title='bbox 781 920 953 986; x_wconf 82' lang='lat' dir='ltr'><strong>codicibus.</strong></span> <span class='ocrx_word' id='word_1_52' title='bbox 997 918 1071 984; x_wconf 88' lang='lat' dir='ltr'><strong>Sino</strong></span> <span class='ocrx_word' id='word_1_53' title='bbox 1094 919 1192 985; x_wconf 91' lang='lat' dir='ltr'><strong>dubio</strong></span> <span class='ocrx_word' id='word_1_54' title='bbox 1214 920 1313 987; x_wconf 87' lang='lat' dir='ltr'><strong>infuit</strong></span> 
     </span>
     <span class='ocr_line' id='line_1_8' title="bbox 141 1020 1312 1107; baseline -0.001 -18"><span class='ocrx_word' id='word_1_55' title='bbox 141 1026 174 1089; x_wconf 91' lang='lat' dir='ltr'><strong>in</strong></span> <span class='ocrx_word' id='word_1_56' title='bbox 205 1024 400 1090; x_wconf 81' lang='lat' dir='ltr'><strong>scholiastae</strong></span> <span class='ocrx_word' id='word_1_57' title='bbox 429 1024 550 1101; x_wconf 89' lang='lat' dir='ltr'><strong>codice,</strong></span> <span class='ocrx_word' id='word_1_58' title='bbox 583 1025 755 1107; x_wconf 72' lang='lat' dir='ltr'><strong>exscripsit</strong></span> <span class='ocrx_word' id='word_1_59' title='bbox 786 1023 870 1087; x_wconf 90' lang='lat' dir='ltr'><strong>enim</strong></span> <span class='ocrx_word' id='word_1_60' title='bbox 902 1020 1079 1087; x_wconf 85' lang='lat' dir='ltr'><strong>scholiasta</strong></span> <span class='ocrx_word' id='word_1_61' title='bbox 1111 1024 1244 1088; x_wconf 84' lang='lat' dir='ltr'><strong>verbum</strong></span> <span class='ocrx_word' id='word_1_62' title='bbox 1272 1045 1312 1088; x_wconf 88' lang='lat' dir='ltr'><strong>ex</strong></span> 
     </span>
     <span class='ocr_line' id='line_1_9' title="bbox 142 1117 1313 1210; baseline 0.002 -20"><span class='ocrx_word' id='word_1_63' title='bbox 142 1127 248 1204; x_wconf 90' lang='lat' dir='ltr'><strong>verbo,</strong></span> <span class='ocrx_word' id='word_1_64' title='bbox 282 1147 387 1209; x_wconf 87' lang='lat' dir='ltr'><strong>neque</strong></span> <span class='ocrx_word' id='word_1_65' title='bbox 409 1124 477 1189; x_wconf 89' lang='lat' dir='ltr'><strong>ulla</strong></span> <span class='ocrx_word' id='word_1_66' title='bbox 499 1132 607 1191; x_wconf 87' lang='lat' dir='ltr'><strong>exstat</strong></span> <span class='ocrx_word' id='word_1_67' title='bbox 629 1146 737 1204; x_wconf 88' lang='lat' dir='ltr'><strong>causa,</strong></span> <span class='ocrx_word' id='word_1_68' title='bbox 772 1147 830 1191; x_wconf 91' lang='lat' dir='ltr'><strong>cur</strong></span> <span class='ocrx_word' id='word_1_69' title='bbox 852 1117 913 1210; x_wconf 77' lang='grc' dir='ltr'><strong>ἤδη</strong></span> <span class='ocrx_word' id='word_1_70' title='bbox 937 1122 1128 1191; x_wconf 87' lang='lat' dir='ltr'><strong>vocabulum</strong></span> <span class='ocrx_word' id='word_1_71' title='bbox 1149 1124 1313 1193; x_wconf 87' lang='lat' dir='ltr'><strong>addiderit</strong></span> 
     </span>
     <span class='ocr_line' id='line_1_10' title="bbox 142 1226 1313 1313; baseline -0.001 -19"><span class='ocrx_word' id='word_1_72' title='bbox 142 1229 199 1312; x_wconf 88' lang='lat' dir='ltr'><strong>(ad</strong></span> <span class='ocrx_word' id='word_1_73' title='bbox 229 1228 262 1294; x_wconf 90' lang='lat' dir='ltr'><strong>id</strong></span> <span class='ocrx_word' id='word_1_74' title='bbox 291 1227 379 1311; x_wconf 90' lang='lat' dir='ltr'><strong>quod</strong></span> <span class='ocrx_word' id='word_1_75' title='bbox 408 1227 509 1292; x_wconf 86' lang='lat' dir='ltr'><strong>voluit</strong></span> <span class='ocrx_word' id='word_1_76' title='bbox 539 1234 626 1293; x_wconf 89' lang='lat' dir='ltr'><strong>certe</strong></span> <span class='ocrx_word' id='word_1_77' title='bbox 655 1226 943 1313; x_wconf 83' lang='lat' dir='ltr'><strong>supervacaneum)</strong></span> <span class='ocrx_word' id='word_1_78' title='bbox 973 1226 1036 1290; x_wconf 92' lang='lat' dir='ltr'><strong>nisi</strong></span> <span class='ocrx_word' id='word_1_79' title='bbox 1064 1226 1161 1292; x_wconf 86' lang='lat' dir='ltr'><strong>infuit</strong></span> <span class='ocrx_word' id='word_1_80' title='bbox 1190 1229 1224 1291; x_wconf 92' lang='lat' dir='ltr'><strong>in</strong></span> <span class='ocrx_word' id='word_1_81' title='bbox 1254 1248 1313 1293; x_wconf 91' lang='lat' dir='ltr'><strong>suo</strong></span> 
     </span>
     <span class='ocr_line' id='line_1_11' title="bbox 142 1327 1313 1415; baseline 0 -21"><span class='ocrx_word' id='word_1_82' title='bbox 142 1329 338 1415; x_wconf 85' lang='lat' dir='ltr'><strong>Thucydidis</strong></span> <span class='ocrx_word' id='word_1_83' title='bbox 361 1329 480 1394; x_wconf 87' lang='lat' dir='ltr'><strong>codice.</strong></span> <span class='ocrx_word' id='word_1_84' title='bbox 524 1327 635 1413; x_wconf 87' lang='lat' dir='ltr'><strong>Neque</strong></span> <span class='ocrx_word' id='word_1_85' title='bbox 659 1333 802 1413; x_wconf 88' lang='lat' dir='ltr'><strong>cogitare</strong></span> <span class='ocrx_word' id='word_1_86' title='bbox 830 1329 908 1393; x_wconf 92' lang='lat' dir='ltr'><strong>licet</strong></span> <span class='ocrx_word' id='word_1_87' title='bbox 930 1349 1037 1393; x_wconf 89' lang='lat' dir='ltr'><strong>errore</strong></span> <span class='ocrx_word' id='word_1_88' title='bbox 1058 1328 1184 1393; x_wconf 87' lang='lat' dir='ltr'><strong>librarii</strong></span> <span class='ocrx_word' id='word_1_89' title='bbox 1206 1336 1313 1396; x_wconf 86' lang='lat' dir='ltr'><strong>ortum</strong></span> 
     </span>
     <span class='ocr_line' id='line_1_12' title="bbox 142 1427 1314 1519; baseline 0.001 -22"><span class='ocrx_word' id='word_1_90' title='bbox 142 1453 212 1497; x_wconf 90' lang='lat' dir='ltr'><strong>esse</strong></span> <span class='ocrx_word' id='word_1_91' title='bbox 232 1427 302 1519; x_wconf 75' lang='grc' dir='ltr'><strong>ἤδη,</strong></span> <span class='ocrx_word' id='word_1_92' title='bbox 333 1433 411 1515; x_wconf 89' lang='lat' dir='ltr'><strong>quia</strong></span> <span class='ocrx_word' id='word_1_93' title='bbox 439 1430 576 1509; x_wconf 87' lang='lat' dir='ltr'><strong>literae,</strong></span> <span class='ocrx_word' id='word_1_94' title='bbox 595 1433 679 1497; x_wconf 89' lang='lat' dir='ltr'><strong>inter</strong></span> <span class='ocrx_word' id='word_1_95' title='bbox 701 1453 783 1516; x_wconf 85' lang='lat' dir='ltr'><strong>quas</strong></span> <span class='ocrx_word' id='word_1_96' title='bbox 813 1439 863 1497; x_wconf 88' lang='lat' dir='ltr'><strong>est</strong></span> <span class='ocrx_word' id='word_1_97' title='bbox 883 1431 1119 1514; x_wconf 87' lang='lat' dir='ltr'><strong>interpositum,</strong></span> <span class='ocrx_word' id='word_1_98' title='bbox 1152 1451 1216 1495; x_wconf 93' lang='lat' dir='ltr'><strong>non</strong></span> <span class='ocrx_word' id='word_1_99' title='bbox 1237 1439 1314 1498; x_wconf 91' lang='lat' dir='ltr'><strong>sunt</strong></span> 
     </span>
     <span class='ocr_line' id='line_1_13' title="bbox 142 1530 1314 1618; baseline 0.001 -20"><span class='ocrx_word' id='word_1_100' title='bbox 142 1535 190 1600; x_wconf 87' lang='lat' dir='ltr'><strong>ita</strong></span> <span class='ocrx_word' id='word_1_101' title='bbox 212 1540 428 1617; x_wconf 87' lang='lat' dir='ltr'><strong>comparatae,</strong></span> <span class='ocrx_word' id='word_1_102' title='bbox 462 1540 500 1598; x_wconf 91' lang='lat' dir='ltr'><strong>ut</strong></span> <span class='ocrx_word' id='word_1_103' title='bbox 528 1555 567 1597; x_wconf 91' lang='lat' dir='ltr'><strong>ex</strong></span> <span class='ocrx_word' id='word_1_104' title='bbox 589 1534 629 1599; x_wconf 91' lang='lat' dir='ltr'><strong>iis</strong></span> <span class='ocrx_word' id='word_1_105' title='bbox 650 1534 747 1600; x_wconf 88' lang='lat' dir='ltr'><strong>facile</strong></span> <span class='ocrx_word' id='word_1_106' title='bbox 769 1530 875 1618; x_wconf 85' lang='lat' dir='ltr'><strong>possit</strong></span> <span class='ocrx_word' id='word_1_107' title='bbox 905 1533 1076 1616; x_wconf 90' lang='lat' dir='ltr'><strong>corrumpi.</strong></span> <span class='ocrx_word' id='word_1_108' title='bbox 1120 1532 1174 1597; x_wconf 88' lang='lat' dir='ltr'><strong>Sin</strong></span> <span class='ocrx_word' id='word_1_109' title='bbox 1204 1539 1314 1599; x_wconf 88' lang='lat' dir='ltr'><strong>autem</strong></span> 
     </span>
     <span class='ocr_line' id='line_1_14' title="bbox 141 1626 1315 1722; baseline 0 -22"><span class='ocrx_word' id='word_1_110' title='bbox 141 1626 203 1722; x_wconf 73' lang='grc' dir='ltr'><strong>ἤδη</strong></span> <span class='ocrx_word' id='word_1_111' title='bbox 225 1637 256 1700; x_wconf 92' lang='lat' dir='ltr'><strong>in</strong></span> <span class='ocrx_word' id='word_1_112' title='bbox 281 1635 475 1702; x_wconf 89' lang='lat' dir='ltr'><strong>scholiastae</strong></span> <span class='ocrx_word' id='word_1_113' title='bbox 498 1637 607 1701; x_wconf 88' lang='lat' dir='ltr'><strong>codice</strong></span> <span class='ocrx_word' id='word_1_114' title='bbox 629 1636 836 1721; x_wconf 83' lang='lat' dir='ltr'><strong>Thucydideo</strong></span> <span class='ocrx_word' id='word_1_115' title='bbox 859 1637 930 1714; x_wconf 87' lang='lat' dir='ltr'><strong>fuit,</strong></span> <span class='ocrx_word' id='word_1_116' title='bbox 961 1656 1024 1700; x_wconf 94' lang='lat' dir='ltr'><strong>non</strong></span> <span class='ocrx_word' id='word_1_117' title='bbox 1049 1633 1148 1701; x_wconf 89' lang='lat' dir='ltr'><strong>debet</strong></span> <span class='ocrx_word' id='word_1_118' title='bbox 1169 1634 1315 1702; x_wconf 90' lang='lat' dir='ltr'><strong>dubitari</strong></span> 
     </span>
     <span class='ocr_line' id='line_1_15' title="bbox 141 1736 1315 1821; baseline 0.002 -19"><span class='ocrx_word' id='word_1_119' title='bbox 141 1739 220 1821; x_wconf 92' lang='lat' dir='ltr'><strong>quin</strong></span> <span class='ocrx_word' id='word_1_120' title='bbox 242 1759 263 1803; x_wconf 91' lang='lat' dir='ltr'><strong>a</strong></span> <span class='ocrx_word' id='word_1_121' title='bbox 285 1737 376 1802; x_wconf 90' lang='lat' dir='ltr'><strong>nobis</strong></span> <span class='ocrx_word' id='word_1_122' title='bbox 397 1738 634 1803; x_wconf 90' lang='lat' dir='ltr'><strong>restituendum</strong></span> <span class='ocrx_word' id='word_1_123' title='bbox 665 1741 716 1814; x_wconf 90' lang='lat' dir='ltr'><strong>sit,</strong></span> <span class='ocrx_word' id='word_1_124' title='bbox 747 1738 937 1821; x_wconf 89' lang='lat' dir='ltr'><strong>praesertim</strong></span> <span class='ocrx_word' id='word_1_125' title='bbox 967 1759 1039 1803; x_wconf 91' lang='lat' dir='ltr'><strong>cum</strong></span> <span class='ocrx_word' id='word_1_126' title='bbox 1068 1736 1223 1819; x_wconf 89' lang='lat' dir='ltr'><strong>optimam</strong></span> <span class='ocrx_word' id='word_1_127' title='bbox 1252 1737 1315 1804; x_wconf 89' lang='lat' dir='ltr'><strong>hoc</strong></span> 
     </span>
     <span class='ocr_line' id='line_1_16' title="bbox 141 1830 1315 1923; baseline 0.001 -19"><span class='ocrx_word' id='word_1_128' title='bbox 141 1840 211 1904; x_wconf 93' lang='lat' dir='ltr'><strong>loeo</strong></span> <span class='ocrx_word' id='word_1_129' title='bbox 239 1840 432 1904; x_wconf 91' lang='lat' dir='ltr'><strong>sententiam</strong></span> <span class='ocrx_word' id='word_1_130' title='bbox 459 1840 623 1923; x_wconf 89' lang='lat' dir='ltr'><strong>praebeat.</strong></span> <span class='ocrx_word' id='word_1_131' title='bbox 677 1839 884 1921; x_wconf 77' lang='lat' dir='ltr'><strong>significatur</strong></span> <span class='ocrx_word' id='word_1_132' title='bbox 915 1841 998 1904; x_wconf 90' lang='lat' dir='ltr'><strong>enim</strong></span> <span class='ocrx_word' id='word_1_133' title='bbox 1032 1837 1095 1903; x_wconf 92' lang='lat' dir='ltr'><strong>hoc</strong></span> <span class='ocrx_word' id='word_1_134' title='bbox 1129 1830 1189 1923; x_wconf 74' lang='grc' dir='ltr'><strong>ἤδη</strong></span> <span class='ocrx_word' id='word_1_135' title='bbox 1216 1840 1315 1905; x_wconf 90' lang='lat' dir='ltr'><strong>etiam</strong></span> 
     </span>
     <span class='ocr_line' id='line_1_17' title="bbox 142 1939 1316 2025; baseline 0.002 -18"><span class='ocrx_word' id='word_1_136' title='bbox 142 1941 346 2019; x_wconf 91' lang='lat' dir='ltr'><strong>luculentius,</strong></span> <span class='ocrx_word' id='word_1_137' title='bbox 380 1941 521 2007; x_wconf 89' lang='lat' dir='ltr'><strong>solutum</strong></span> <span class='ocrx_word' id='word_1_138' title='bbox 553 1941 652 2006; x_wconf 88' lang='lat' dir='ltr'><strong>fuisse</strong></span> <span class='ocrx_word' id='word_1_139' title='bbox 682 1941 795 2006; x_wconf 88' lang='lat' dir='ltr'><strong>foedus</strong></span> <span class='ocrx_word' id='word_1_140' title='bbox 823 1961 863 2005; x_wconf 89' lang='lat' dir='ltr'><strong>ex</strong></span> <span class='ocrx_word' id='word_1_141' title='bbox 894 1962 958 2025; x_wconf 89' lang='lat' dir='ltr'><strong>quo</strong></span> <span class='ocrx_word' id='word_1_142' title='bbox 991 1949 1135 2024; x_wconf 89' lang='lat' dir='ltr'><strong>tempore</strong></span> <span class='ocrx_word' id='word_1_143' title='bbox 1165 1939 1316 2008; x_wconf 89' lang='lat' dir='ltr'><strong>Plataeas</strong></span> 
     </span>
     <span class='ocr_line' id='line_1_18' title="bbox 143 2043 1316 2127; baseline 0 -17"><span class='ocrx_word' id='word_1_144' title='bbox 143 2044 287 2127; x_wconf 81' lang='lat' dir='ltr'><strong>aggressi</strong></span> <span class='ocrx_word' id='word_1_145' title='bbox 310 2050 405 2109; x_wconf 86' lang='lat' dir='ltr'><strong>erant</strong></span> <span class='ocrx_word' id='word_1_146' title='bbox 426 2043 754 2108; x_wconf 85' lang='lat' dir='ltr'><strong>Lacedaemoniorum</strong></span> <span class='ocrx_word' id='word_1_147' title='bbox 783 2044 872 2120; x_wconf 92' lang='lat' dir='ltr'><strong>socii,</strong></span> <span class='ocrx_word' id='word_1_148' title='bbox 907 2065 946 2109; x_wconf 91' lang='lat' dir='ltr'><strong>ac</strong></span> <span class='ocrx_word' id='word_1_149' title='bbox 978 2044 1228 2121; x_wconf 87' lang='lat' dir='ltr'><strong>demonstratur,</strong></span> <span class='ocrx_word' id='word_1_150' title='bbox 1259 2045 1316 2127; x_wconf 89' lang='lat' dir='ltr'><strong>qui</strong></span> 
     </span>
     <span class='ocr_line' id='line_1_19' title="bbox 143 2143 1316 2229; baseline 0.001 -19"><span class='ocrx_word' id='word_1_151' title='bbox 143 2146 308 2211; x_wconf 85' lang='lat' dir='ltr'><strong>foederum</strong></span> <span class='ocrx_word' id='word_1_152' title='bbox 329 2145 446 2211; x_wconf 87' lang='lat' dir='ltr'><strong>solutio</strong></span> <span class='ocrx_word' id='word_1_153' title='bbox 461 2147 624 2229; x_wconf 84' lang='lat' dir='ltr'><strong>pertineat</strong></span> <span class='ocrx_word' id='word_1_154' title='bbox 645 2143 848 2211; x_wconf 88' lang='lat' dir='ltr'><strong>adPlataeas</strong></span> <span class='ocrx_word' id='word_1_155' title='bbox 870 2145 1026 2222; x_wconf 89' lang='lat' dir='ltr'><strong>obsessas,</strong></span> <span class='ocrx_word' id='word_1_156' title='bbox 1049 2145 1098 2209; x_wconf 89' lang='lat' dir='ltr'><strong>ita</strong></span> <span class='ocrx_word' id='word_1_157' title='bbox 1118 2152 1156 2210; x_wconf 91' lang='lat' dir='ltr'><strong>nt</strong></span> <span class='ocrx_word' id='word_1_158' title='bbox 1177 2145 1316 2211; x_wconf 84' lang='lat' dir='ltr'><strong>fortasse</strong></span> 
     </span>
     <span class='ocr_line' id='line_1_20' title="bbox 144 2245 1315 2329; baseline -0.001 -16"><span class='ocrx_word' id='word_1_159' title='bbox 144 2247 331 2313; x_wconf 85' lang='lat' dir='ltr'><strong>vertendum</strong></span> <span class='ocrx_word' id='word_1_160' title='bbox 354 2247 410 2311; x_wconf 90' lang='lat' dir='ltr'><strong>sit:</strong></span> <span class='ocrx_word' id='word_1_161' title='bbox 432 2252 627 2329; x_wconf 84' lang='lat' dir='ltr'><strong>„postquam</strong></span> <span class='ocrx_word' id='word_1_162' title='bbox 648 2245 791 2310; x_wconf 88' lang='lat' dir='ltr'><strong>Plataeis</strong></span> <span class='ocrx_word' id='word_1_163' title='bbox 812 2267 864 2312; x_wconf 91' lang='lat' dir='ltr'><strong>res</strong></span> <span class='ocrx_word' id='word_1_164' title='bbox 886 2246 962 2311; x_wconf 87' lang='lat' dir='ltr'><strong>illae</strong></span> <span class='ocrx_word' id='word_1_165' title='bbox 984 2252 1095 2329; x_wconf 86' lang='lat' dir='ltr'><strong>gestae</strong></span> <span class='ocrx_word' id='word_1_166' title='bbox 1117 2253 1150 2312; x_wconf 91' lang='lat' dir='ltr'><strong>et</strong></span> <span class='ocrx_word' id='word_1_167' title='bbox 1171 2247 1315 2313; x_wconf 88' lang='lat' dir='ltr'><strong>exinde</strong></span> 
     </span>
     <span class='ocr_line' id='line_1_21' title="bbox 146 2339 1314 2434; baseline -0.001 -20"><span class='ocrx_word' id='word_1_168' title='bbox 146 2349 276 2416; x_wconf 87' lang='lat' dir='ltr'><strong>foedera</strong></span> <span class='ocrx_word' id='word_1_169' title='bbox 302 2348 410 2413; x_wconf 87' lang='lat' dir='ltr'><strong>soluta</strong></span> <span class='ocrx_word' id='word_1_170' title='bbox 438 2354 543 2413; x_wconf 87' lang='lat' dir='ltr'><strong>sunt“.</strong></span> <span class='ocrx_word' id='word_1_171' title='bbox 589 2346 685 2412; x_wconf 86' lang='lat' dir='ltr'><strong>Haud</strong></span> <span class='ocrx_word' id='word_1_172' title='bbox 714 2348 809 2413; x_wconf 89' lang='lat' dir='ltr'><strong>aliter</strong></span> <span class='ocrx_word' id='word_1_173' title='bbox 836 2355 1028 2432; x_wconf 88' lang='lat' dir='ltr'><strong>usurpatum</strong></span> <span class='ocrx_word' id='word_1_174' title='bbox 1055 2349 1232 2414; x_wconf 85' lang='lat' dir='ltr'><strong>invenimus</strong></span> <span class='ocrx_word' id='word_1_175' title='bbox 1253 2339 1314 2434; x_wconf 75' lang='grc' dir='ltr'><strong>ἤδη</strong></span> 
     </span>
     <span class='ocr_line' id='line_1_22' title="bbox 145 2447 1314 2532; baseline -0.002 -16"><span class='ocrx_word' id='word_1_176' title='bbox 145 2450 234 2516; x_wconf 83' lang='lat' dir='ltr'><strong>velut</strong></span> <span class='ocrx_word' id='word_1_177' title='bbox 247 2450 272 2529; x_wconf 93' lang='grc' dir='ltr'><strong>Ι,</strong></span> <span class='ocrx_word' id='word_1_178' title='bbox 292 2450 339 2528; x_wconf 88' lang='lat'><strong>18,</strong></span> <span class='ocrx_word' id='word_1_179' title='bbox 361 2449 391 2528; x_wconf 86' lang='lat'><strong>3,</strong></span> <span class='ocrx_word' id='word_1_180' title='bbox 415 2489 454 2501; x_wconf 91' lang='lat'><em>-</em></span> <span class='ocrx_word' id='word_1_181' title='bbox 476 2449 532 2515; x_wconf 92' lang='lat' dir='ltr'><strong>ubi</strong></span> <span class='ocrx_word' id='word_1_182' title='bbox 548 2447 678 2514; x_wconf 86' lang='lat' dir='ltr'><strong>Classen</strong></span> <span class='ocrx_word' id='word_1_183' title='bbox 692 2450 790 2515; x_wconf 84' lang='lat' dir='ltr'><strong>vertit</strong></span> <span class='ocrx_word' id='word_1_184' title='bbox 812 2449 1020 2528; x_wconf 85' lang='lat' dir='ltr'><strong>„nunmehr“,</strong></span> <span class='ocrx_word' id='word_1_185' title='bbox 1043 2450 1077 2514; x_wconf 91' lang='lat' dir='ltr'><strong>id</strong></span> <span class='ocrx_word' id='word_1_186' title='bbox 1099 2449 1188 2532; x_wconf 92' lang='lat' dir='ltr'><strong>quod</strong></span> <span class='ocrx_word' id='word_1_187' title='bbox 1203 2455 1314 2517; x_wconf 87' lang='lat' dir='ltr'><strong>nostro</strong></span> 
     </span>
     <span class='ocr_line' id='line_1_23' title="bbox 145 2550 1318 2636; baseline -0.003 -19"><span class='ocrx_word' id='word_1_188' title='bbox 145 2572 273 2635; x_wconf 89' lang='lat' dir='ltr'><strong>qnoque</strong></span> <span class='ocrx_word' id='word_1_189' title='bbox 308 2550 379 2617; x_wconf 94' lang='lat' dir='ltr'><strong>loco</strong></span> <span class='ocrx_word' id='word_1_190' title='bbox 416 2552 536 2635; x_wconf 88' lang='lat' dir='ltr'><strong>optime</strong></span> <span class='ocrx_word' id='word_1_191' title='bbox 570 2553 720 2636; x_wconf 82' lang='lat' dir='ltr'><strong>quadrat,</strong></span> <span class='ocrx_word' id='word_1_192' title='bbox 757 2589 797 2599; x_wconf 89' lang='lat'><strong>—</strong></span> <span class='ocrx_word' id='word_1_193' title='bbox 835 2552 885 2618; x_wconf 90' lang='lat' dir='ltr'><strong>vel</strong></span> <span class='ocrx_word' id='word_1_194' title='bbox 914 2553 938 2631; x_wconf 91' lang='lat' dir='ltr'><strong>l,</strong></span> <span class='ocrx_word' id='word_1_195' title='bbox 970 2553 1022 2630; x_wconf 82' lang='lat'><strong>49,</strong></span> <span class='ocrx_word' id='word_1_196' title='bbox 1057 2552 1085 2619; x_wconf 84' lang='lat'><strong>7.</strong></span> <span class='ocrx_word' id='word_1_197' title='bbox 1130 2552 1170 2629; x_wconf 92' lang='lat' dir='ltr'><strong>ll,</strong></span> <span class='ocrx_word' id='word_1_198' title='bbox 1202 2553 1253 2630; x_wconf 84' lang='grc'><strong>20,</strong></span> <span class='ocrx_word' id='word_1_199' title='bbox 1288 2553 1318 2617; x_wconf 90' lang='grc'><strong>4.</strong></span> 
     </span>
     <span class='ocr_line' id='line_1_24' title="bbox 144 2651 1318 2738; baseline 0.001 -19"><span class='ocrx_word' id='word_1_200' title='bbox 144 2654 198 2731; x_wconf 91' lang='lat' dir='ltr'><strong>IV,</strong></span> <span class='ocrx_word' id='word_1_201' title='bbox 222 2654 272 2732; x_wconf 88' lang='grc'><strong>66,</strong></span> <span class='ocrx_word' id='word_1_202' title='bbox 296 2654 325 2717; x_wconf 89' lang='grc'><strong>4.</strong></span> <span class='ocrx_word' id='word_1_203' title='bbox 368 2652 493 2718; x_wconf 91' lang='lat' dir='ltr'><strong>Deinde</strong></span> <span class='ocrx_word' id='word_1_204' title='bbox 527 2651 589 2718; x_wconf 90' lang='lat' dir='ltr'><strong>hoc</strong></span> <span class='ocrx_word' id='word_1_205' title='bbox 612 2655 680 2737; x_wconf 92' lang='lat' dir='ltr'><strong>ipso</strong></span> <span class='ocrx_word' id='word_1_206' title='bbox 702 2653 857 2720; x_wconf 81' lang='lat' dir='ltr'><strong>vocabulo</strong></span> <span class='ocrx_word' id='word_1_207' title='bbox 878 2654 925 2732; x_wconf 93' lang='lat' dir='ltr'><strong>fit,</strong></span> <span class='ocrx_word' id='word_1_208' title='bbox 959 2661 997 2719; x_wconf 92' lang='lat' dir='ltr'><strong>ut</strong></span> <span class='ocrx_word' id='word_1_209' title='bbox 1027 2655 1080 2719; x_wconf 92' lang='lat' dir='ltr'><strong>hic</strong></span> <span class='ocrx_word' id='word_1_210' title='bbox 1101 2653 1192 2720; x_wconf 91' lang='lat' dir='ltr'><strong>locus</strong></span> <span class='ocrx_word' id='word_1_211' title='bbox 1213 2655 1318 2738; x_wconf 89' lang='lat' dir='ltr'><strong>magis</strong></span> 
     </span>
     <span class='ocr_line' id='line_1_25' title="bbox 146 2754 1317 2840; baseline 0.001 -20"><span class='ocrx_word' id='word_1_212' title='bbox 146 2755 244 2821; x_wconf 85' lang='lat' dir='ltr'><strong>otiam</strong></span> <span class='ocrx_word' id='word_1_213' title='bbox 266 2761 391 2838; x_wconf 89' lang='lat' dir='ltr'><strong>spectet</strong></span> <span class='ocrx_word' id='word_1_214' title='bbox 413 2754 454 2818; x_wconf 89' lang='lat' dir='ltr'><strong>ad</strong></span> <span class='ocrx_word' id='word_1_215' title='bbox 467 2754 602 2832; x_wconf 85' lang='lat' dir='ltr'><strong>Thnel,</strong></span> <span class='ocrx_word' id='word_1_216' title='bbox 627 2756 696 2833; x_wconf 83' lang='lat'><strong>146,</strong></span> <span class='ocrx_word' id='word_1_217' title='bbox 719 2776 783 2838; x_wconf 92' lang='lat' dir='ltr'><strong>quo</strong></span> <span class='ocrx_word' id='word_1_218' title='bbox 806 2757 922 2840; x_wconf 90' lang='lat' dir='ltr'><strong>capite,</strong></span> <span class='ocrx_word' id='word_1_219' title='bbox 945 2778 1018 2821; x_wconf 89' lang='lat' dir='ltr'><strong>cum</strong></span> <span class='ocrx_word' id='word_1_220' title='bbox 1040 2755 1174 2821; x_wconf 88' lang='lat' dir='ltr'><strong>dixisset</strong></span> <span class='ocrx_word' id='word_1_221' title='bbox 1188 2755 1317 2840; x_wconf 87' lang='lat' dir='ltr'><strong>Thucy-</strong></span> 
     </span>
     <span class='ocr_line' id='line_1_26' title="bbox 146 2856 1317 2941; baseline 0.003 -21"><span class='ocrx_word' id='word_1_222' title='bbox 146 2856 236 2922; x_wconf 90' lang='lat' dir='ltr'><strong>dides</strong></span> <span class='ocrx_word' id='word_1_223' title='bbox 264 2857 369 2935; x_wconf 88' lang='lat' dir='ltr'><strong>„inter</strong></span> <span class='ocrx_word' id='word_1_224' title='bbox 389 2856 657 2922; x_wconf 86' lang='lat' dir='ltr'><strong>Lacedaemonios</strong></span> <span class='ocrx_word' id='word_1_225' title='bbox 690 2864 723 2923; x_wconf 93' lang='lat' dir='ltr'><strong>et</strong></span> <span class='ocrx_word' id='word_1_226' title='bbox 747 2857 968 2935; x_wconf 85' lang='lat' dir='ltr'><strong>Athenienses,</strong></span> <span class='ocrx_word' id='word_1_227' title='bbox 998 2859 1145 2941; x_wconf 82' lang='lat' dir='ltr'><strong>quamvis</strong></span> <span class='ocrx_word' id='word_1_228' title='bbox 1172 2857 1317 2936; x_wconf 84' lang='lat' dir='ltr'><strong>infestos,</strong></span> 
     </span>
     <span class='ocr_line' id='line_1_27' title="bbox 147 2958 1319 3042; baseline 0.003 -19"><span class='ocrx_word' id='word_1_229' title='bbox 147 2959 288 3024; x_wconf 91' lang='lat' dir='ltr'><strong>nondum</strong></span> <span class='ocrx_word' id='word_1_230' title='bbox 309 2965 458 3042; x_wconf 91' lang='lat' dir='ltr'><strong>apertum</strong></span> <span class='ocrx_word' id='word_1_231' title='bbox 475 2958 595 3025; x_wconf 90' lang='lat' dir='ltr'><strong>bellum</strong></span> <span class='ocrx_word' id='word_1_232' title='bbox 618 2979 687 3024; x_wconf 88' lang='lat' dir='ltr'><strong>esse</strong></span> <span class='ocrx_word' id='word_1_233' title='bbox 709 2966 848 3039; x_wconf 84' lang='lat' dir='ltr'><strong>ortum“,</strong></span> <span class='ocrx_word' id='word_1_234' title='bbox 871 2960 933 3027; x_wconf 92' lang='lat' dir='ltr'><strong>hoc</strong></span> <span class='ocrx_word' id='word_1_235' title='bbox 955 2961 1024 3026; x_wconf 91' lang='lat' dir='ltr'><strong>loco</strong></span> <span class='ocrx_word' id='word_1_236' title='bbox 1047 2961 1139 3025; x_wconf 91' lang='lat' dir='ltr'><strong>dicit:</strong></span> <span class='ocrx_word' id='word_1_237' title='bbox 1173 2980 1234 3037; x_wconf 88' lang='lat' dir='ltr'><strong>„ex</strong></span> <span class='ocrx_word' id='word_1_238' title='bbox 1256 2958 1319 3026; x_wconf 91' lang='lat' dir='ltr'><strong>hoc</strong></span> 
     </span>
     <span class='ocr_line' id='line_1_28' title="bbox 146 3061 1319 3147; baseline 0.003 -22"><span class='ocrx_word' id='word_1_239' title='bbox 146 3067 291 3144; x_wconf 89' lang='lat' dir='ltr'><strong>tempore</strong></span> <span class='ocrx_word' id='word_1_240' title='bbox 320 3068 433 3144; x_wconf 89' lang='lat' dir='ltr'><strong>aperte</strong></span> <span class='ocrx_word' id='word_1_241' title='bbox 464 3061 577 3128; x_wconf 84' lang='lat' dir='ltr'><strong>foedus</strong></span> <span class='ocrx_word' id='word_1_242' title='bbox 610 3068 681 3127; x_wconf 89' lang='lat' dir='ltr'><strong>erat</strong></span> <span class='ocrx_word' id='word_1_243' title='bbox 714 3063 885 3128; x_wconf 88' lang='lat' dir='ltr'><strong>solutum“.</strong></span> <span class='ocrx_word' id='word_1_244' title='bbox 928 3063 1043 3147; x_wconf 88' lang='lat' dir='ltr'><strong>ltaque</strong></span> <span class='ocrx_word' id='word_1_245' title='bbox 1079 3061 1167 3127; x_wconf 89' lang='lat' dir='ltr'><strong>haud</strong></span> <span class='ocrx_word' id='word_1_246' title='bbox 1199 3062 1319 3129; x_wconf 88' lang='lat' dir='ltr'><strong>iniuria</strong></span> 
     </span>
     <span class='ocr_line' id='line_1_29' title="bbox 146 3150 909 3247; baseline 0.005 -22"><span class='ocrx_word' id='word_1_247' title='bbox 146 3150 216 3247; x_wconf 65' lang='grc' dir='ltr'><strong>ἤδη</strong></span> <span class='ocrx_word' id='word_1_248' title='bbox 232 3161 377 3227; x_wconf 90' lang='lat' dir='ltr'><strong>codicum</strong></span> <span class='ocrx_word' id='word_1_249' title='bbox 398 3163 504 3229; x_wconf 84' lang='lat' dir='ltr'><strong>verbis</strong></span> <span class='ocrx_word' id='word_1_250' title='bbox 526 3165 668 3229; x_wconf 90' lang='lat' dir='ltr'><strong>inserere</strong></span> <span class='ocrx_word' id='word_1_251' title='bbox 690 3165 769 3230; x_wconf 92' lang='lat' dir='ltr'><strong>mihi</strong></span> <span class='ocrx_word' id='word_1_252' title='bbox 791 3165 909 3230; x_wconf 90' lang='lat' dir='ltr'><strong>videor.</strong></span> 
     </span>
    </p>

    <p class='ocr_par' dir='ltr' id='par_1_4' title="bbox 134 3263 1325 4474">
     <span class='ocr_line' id='line_1_30' title="bbox 233 3263 1319 3352; baseline 0.005 -25"><span class='ocrx_word' id='word_1_253' title='bbox 233 3263 273 3341; x_wconf 90' lang='grc' dir='ltr'><strong>ΙΙ,</strong></span> <span class='ocrx_word' id='word_1_254' title='bbox 300 3265 348 3329; x_wconf 91' lang='grc'><strong>10.</strong></span> <span class='ocrx_word' id='word_1_255' title='bbox 380 3267 467 3347; x_wconf 84' lang='grc'>(108,</span> <span class='ocrx_word' id='word_1_256' title='bbox 491 3268 527 3351; x_wconf 81' lang='lat'><strong>2)</strong></span> <span class='ocrx_word' id='word_1_257' title='bbox 565 3264 761 3351; x_wconf 79' lang='grc' dir='ltr'><em>ξυγκαλέσας</em></span> <span class='ocrx_word' id='word_1_258' title='bbox 790 3270 957 3352; x_wconf 81' lang='grc' dir='ltr'><strong><em>παρεῖναι]</em></strong></span> <span class='ocrx_word' id='word_1_259' title='bbox 989 3268 1022 3332; x_wconf 91' lang='lat' dir='ltr'><strong>in</strong></span> <span class='ocrx_word' id='word_1_260' title='bbox 1045 3267 1199 3348; x_wconf 80' lang='grc' dir='ltr'><strong><em>παρεῖναι</em></strong></span> <span class='ocrx_word' id='word_1_261' title='bbox 1231 3272 1319 3332; x_wconf 85' lang='lat' dir='ltr'><strong>recte</strong></span> 
     </span>
     <span class='ocr_line' id='line_1_31' title="bbox 148 3361 1320 3458; baseline 0.001 -26"><span class='ocrx_word' id='word_1_262' title='bbox 148 3363 284 3432; x_wconf 83' lang='lat' dir='ltr'><strong>offendit</strong></span> <span class='ocrx_word' id='word_1_263' title='bbox 312 3365 452 3434; x_wconf 88' lang='lat' dir='ltr'><strong>Sintenis</strong></span> <span class='ocrx_word' id='word_1_264' title='bbox 479 3367 575 3453; x_wconf 92' lang='lat' dir='ltr'><strong>(Phil.</strong></span> <span class='ocrx_word' id='word_1_265' title='bbox 598 3369 621 3445; x_wconf 93' lang='lat'><strong>1,</strong></span> <span class='ocrx_word' id='word_1_266' title='bbox 644 3369 722 3453; x_wconf 78' lang='lat'>567)</span> <span class='ocrx_word' id='word_1_267' title='bbox 760 3370 815 3453; x_wconf 92' lang='lat' dir='ltr'><strong>qui</strong></span> <span class='ocrx_word' id='word_1_268' title='bbox 846 3364 983 3458; x_wconf 78' lang='grc' dir='ltr'><strong><em>παρῄνει</em></strong></span> <span class='ocrx_word' id='word_1_269' title='bbox 1012 3374 1119 3435; x_wconf 87' lang='lat' dir='ltr'><strong>mutat</strong></span> <span class='ocrx_word' id='word_1_270' title='bbox 1148 3374 1182 3433; x_wconf 88' lang='lat' dir='ltr'><strong>et</strong></span> <span class='ocrx_word' id='word_1_271' title='bbox 1213 3361 1320 3449; x_wconf 73' lang='grc' dir='ltr'><strong><em>ἔλεξεν</em></strong></span> 
     </span>
     <span class='ocr_line' id='line_1_32' title="bbox 149 3468 1321 3555; baseline 0 -21"><span class='ocrx_word' id='word_1_272' title='bbox 149 3468 286 3546; x_wconf 88' lang='lat' dir='ltr'><strong>omittit;</strong></span> <span class='ocrx_word' id='word_1_273' title='bbox 307 3477 384 3535; x_wconf 87' lang='lat' dir='ltr'><strong>ante</strong></span> <span class='ocrx_word' id='word_1_274' title='bbox 407 3491 479 3535; x_wconf 90' lang='lat' dir='ltr'><strong>eum</strong></span> <span class='ocrx_word' id='word_1_275' title='bbox 501 3471 565 3536; x_wconf 90' lang='lat' dir='ltr'><strong>iam</strong></span> <span class='ocrx_word' id='word_1_276' title='bbox 580 3470 654 3536; x_wconf 89' lang='lat' dir='ltr'><strong>Joh.</strong></span> <span class='ocrx_word' id='word_1_277' title='bbox 667 3469 727 3537; x_wconf 87' lang='lat' dir='ltr'><strong>Sic.</strong></span> <span class='ocrx_word' id='word_1_278' title='bbox 749 3471 837 3537; x_wconf 92' lang='lat' dir='ltr'><strong>hunc</strong></span> <span class='ocrx_word' id='word_1_279' title='bbox 859 3470 964 3537; x_wconf 90' lang='lat' dir='ltr'><strong>locum</strong></span> <span class='ocrx_word' id='word_1_280' title='bbox 987 3470 1180 3548; x_wconf 85' lang='lat' dir='ltr'><strong>exscribens,</strong></span> <span class='ocrx_word' id='word_1_281' title='bbox 1203 3472 1321 3555; x_wconf 81' lang='grc' dir='ltr'><strong><em>παρεῖ-</em></strong></span> 
     </span>
     <span class='ocr_line' id='line_1_33' title="bbox 149 3568 1318 3658; baseline 0.004 -24"><span class='ocrx_word' id='word_1_282' title='bbox 149 3592 202 3635; x_wconf 84' lang='grc' dir='ltr'><strong>ναι</strong></span> <span class='ocrx_word' id='word_1_283' title='bbox 223 3568 311 3653; x_wconf 90' lang='lat' dir='ltr'><strong>quod</strong></span> <span class='ocrx_word' id='word_1_284' title='bbox 333 3569 540 3638; x_wconf 86' lang='lat' dir='ltr'><strong>offensionem</strong></span> <span class='ocrx_word' id='word_1_285' title='bbox 560 3573 705 3658; x_wconf 89' lang='lat' dir='ltr'><strong>praebet,</strong></span> <span class='ocrx_word' id='word_1_286' title='bbox 728 3573 890 3652; x_wconf 89' lang='lat' dir='ltr'><strong>omiserat,</strong></span> <span class='ocrx_word' id='word_1_287' title='bbox 915 3596 954 3639; x_wconf 88' lang='lat' dir='ltr'><strong>ex</strong></span> <span class='ocrx_word' id='word_1_288' title='bbox 977 3574 1163 3640; x_wconf 88' lang='lat' dir='ltr'><strong>coniectura</strong></span> <span class='ocrx_word' id='word_1_289' title='bbox 1184 3573 1318 3650; x_wconf 88' lang='lat' dir='ltr'><strong>scilicet,</strong></span> 
     </span>
     <span class='ocr_line' id='line_1_34' title="bbox 149 3672 1320 3757; baseline 0.002 -19"><span class='ocrx_word' id='word_1_290' title='bbox 149 3672 233 3738; x_wconf 88' lang='lat' dir='ltr'><strong>tales</strong></span> <span class='ocrx_word' id='word_1_291' title='bbox 248 3673 331 3737; x_wconf 88' lang='lat' dir='ltr'><strong>enim</strong></span> <span class='ocrx_word' id='word_1_292' title='bbox 347 3680 455 3752; x_wconf 89' lang='lat' dir='ltr'><strong>testes,</strong></span> <span class='ocrx_word' id='word_1_293' title='bbox 474 3674 579 3757; x_wconf 92' lang='lat' dir='ltr'><strong>qualis</strong></span> <span class='ocrx_word' id='word_1_294' title='bbox 594 3682 704 3741; x_wconf 89' lang='lat' dir='ltr'><strong>noster</strong></span> <span class='ocrx_word' id='word_1_295' title='bbox 720 3682 769 3741; x_wconf 91' lang='lat' dir='ltr'><strong>est</strong></span> <span class='ocrx_word' id='word_1_296' title='bbox 780 3675 953 3753; x_wconf 77' lang='lat' dir='ltr'><strong>lohannes,</strong></span> <span class='ocrx_word' id='word_1_297' title='bbox 976 3677 1005 3741; x_wconf 89' lang='lat' dir='ltr'><strong>si</strong></span> <span class='ocrx_word' id='word_1_298' title='bbox 1019 3677 1173 3741; x_wconf 89' lang='lat' dir='ltr'><strong>omittunt</strong></span> <span class='ocrx_word' id='word_1_299' title='bbox 1186 3675 1320 3741; x_wconf 81' lang='lat' dir='ltr'><strong>verbum</strong></span> 
     </span>
     <span class='ocr_line' id='line_1_35' title="bbox 150 3774 1321 3859; baseline 0.003 -20"><span class='ocrx_word' id='word_1_300' title='bbox 150 3774 284 3858; x_wconf 87' lang='lat' dir='ltr'><strong>aliquod</strong></span> <span class='ocrx_word' id='word_1_301' title='bbox 305 3774 485 3853; x_wconf 89' lang='lat' dir='ltr'><strong>obscurum,</strong></span> <span class='ocrx_word' id='word_1_302' title='bbox 508 3779 585 3859; x_wconf 90' lang='lat' dir='ltr'><strong>quin</strong></span> <span class='ocrx_word' id='word_1_303' title='bbox 608 3780 649 3842; x_wconf 93' lang='lat' dir='ltr'><strong>de</strong></span> <span class='ocrx_word' id='word_1_304' title='bbox 671 3777 803 3843; x_wconf 89' lang='lat' dir='ltr'><strong>consilio</strong></span> <span class='ocrx_word' id='word_1_305' title='bbox 827 3779 989 3853; x_wconf 88' lang='lat' dir='ltr'><strong>omittant,</strong></span> <span class='ocrx_word' id='word_1_306' title='bbox 1019 3776 1152 3842; x_wconf 91' lang='lat' dir='ltr'><strong>dubium</strong></span> <span class='ocrx_word' id='word_1_307' title='bbox 1174 3797 1238 3842; x_wconf 91' lang='lat' dir='ltr'><strong>non</strong></span> <span class='ocrx_word' id='word_1_308' title='bbox 1261 3784 1321 3843; x_wconf 79' lang='lat' dir='ltr'><strong>est</strong></span> 
     </span>
     <span class='ocr_line' id='line_1_36' title="bbox 150 3877 1320 3957; baseline 0.002 -13"><span class='ocrx_word' id='word_1_309' title='bbox 150 3877 225 3944; x_wconf 78' lang='lat' dir='ltr'><strong>lam</strong></span> <span class='ocrx_word' id='word_1_310' title='bbox 248 3899 321 3942; x_wconf 91' lang='lat' dir='ltr'><strong>cum</strong></span> <span class='ocrx_word' id='word_1_311' title='bbox 343 3878 425 3943; x_wconf 88' lang='lat' dir='ltr'><strong>duas</strong></span> <span class='ocrx_word' id='word_1_312' title='bbox 446 3877 623 3945; x_wconf 87' lang='lat' dir='ltr'><strong>habeamus</strong></span> <span class='ocrx_word' id='word_1_313' title='bbox 646 3880 857 3955; x_wconf 86' lang='lat' dir='ltr'><strong>coniecturas,</strong></span> <span class='ocrx_word' id='word_1_314' title='bbox 892 3878 1057 3945; x_wconf 88' lang='lat' dir='ltr'><strong>Sintenisii</strong></span> <span class='ocrx_word' id='word_1_315' title='bbox 1084 3886 1119 3944; x_wconf 91' lang='lat' dir='ltr'><strong>et</strong></span> <span class='ocrx_word' id='word_1_316' title='bbox 1138 3878 1320 3957; x_wconf 88' lang='lat' dir='ltr'><strong>Siceliotae,</strong></span> 
     </span>
     <span class='ocr_line' id='line_1_37' title="bbox 151 3976 1321 4068; baseline 0.003 -25"><span class='ocrx_word' id='word_1_317' title='bbox 151 3998 244 4043; x_wconf 91' lang='lat' dir='ltr'><strong>nemo</strong></span> <span class='ocrx_word' id='word_1_318' title='bbox 265 3976 361 4045; x_wconf 89' lang='lat' dir='ltr'><strong>facile</strong></span> <span class='ocrx_word' id='word_1_319' title='bbox 381 3985 486 4062; x_wconf 88' lang='lat' dir='ltr'><strong>neget,</strong></span> <span class='ocrx_word' id='word_1_320' title='bbox 509 3979 673 4046; x_wconf 87' lang='lat' dir='ltr'><strong>Sintenisii</strong></span> <span class='ocrx_word' id='word_1_321' title='bbox 696 3978 832 4068; x_wconf 80' lang='grc' dir='ltr'><strong><em>παρῄνει</em></strong></span> <span class='ocrx_word' id='word_1_322' title='bbox 853 3981 948 4062; x_wconf 93' lang='lat' dir='ltr'><strong>longe</strong></span> <span class='ocrx_word' id='word_1_323' title='bbox 970 3981 1218 4064; x_wconf 88' lang='lat' dir='ltr'><strong>praeferendum</strong></span> <span class='ocrx_word' id='word_1_324' title='bbox 1239 4002 1321 4048; x_wconf 87' lang='lat' dir='ltr'><strong>esse.</strong></span> 
     </span>
     <span class='ocr_line' id='line_1_38' title="bbox 151 4079 1322 4166; baseline 0.003 -21"><span class='ocrx_word' id='word_1_325' title='bbox 151 4081 201 4145; x_wconf 86' lang='lat' dir='ltr'><strong>Ex</strong></span> <span class='ocrx_word' id='word_1_326' title='bbox 223 4080 285 4144; x_wconf 90' lang='lat' dir='ltr'><strong>hae</strong></span> <span class='ocrx_word' id='word_1_327' title='bbox 301 4079 384 4144; x_wconf 88' lang='lat' dir='ltr'><strong>enim</strong></span> <span class='ocrx_word' id='word_1_328' title='bbox 400 4082 586 4147; x_wconf 86' lang='lat' dir='ltr'><strong>coniectura</strong></span> <span class='ocrx_word' id='word_1_329' title='bbox 601 4084 720 4165; x_wconf 91' lang='lat' dir='ltr'><strong>optime</strong></span> <span class='ocrx_word' id='word_1_330' title='bbox 736 4090 883 4165; x_wconf 84' lang='lat' dir='ltr'><strong>apparet,</strong></span> <span class='ocrx_word' id='word_1_331' title='bbox 906 4085 962 4165; x_wconf 89' lang='lat' dir='ltr'><strong>qui</strong></span> <span class='ocrx_word' id='word_1_332' title='bbox 977 4084 1121 4149; x_wconf 90' lang='lat' dir='ltr'><strong>codicum</strong></span> <span class='ocrx_word' id='word_1_333' title='bbox 1137 4082 1322 4166; x_wconf 87' lang='lat' dir='ltr'><strong>corruptela</strong></span> 
     </span>
     <span class='ocr_line' id='line_1_39' title="bbox 152 4181 1321 4271; baseline 0.003 -24"><span class='ocrx_word' id='word_1_334' title='bbox 152 4181 230 4247; x_wconf 90' lang='lat' dir='ltr'><strong>oriri</strong></span> <span class='ocrx_word' id='word_1_335' title='bbox 251 4181 405 4264; x_wconf 88' lang='lat' dir='ltr'><strong>potnerit,</strong></span> <span class='ocrx_word' id='word_1_336' title='bbox 439 4185 526 4271; x_wconf 81' lang='lat' dir='ltr'><strong>quod</strong></span> <span class='ocrx_word' id='word_1_337' title='bbox 555 4205 594 4248; x_wconf 88' lang='lat' dir='ltr'><strong>ex</strong></span> <span class='ocrx_word' id='word_1_338' title='bbox 616 4183 786 4248; x_wconf 84' lang='lat' dir='ltr'><strong>Siceliotae</strong></span> <span class='ocrx_word' id='word_1_339' title='bbox 816 4186 985 4250; x_wconf 89' lang='lat' dir='ltr'><strong>omissione</strong></span> <span class='ocrx_word' id='word_1_340' title='bbox 1014 4186 1145 4249; x_wconf 92' lang='lat' dir='ltr'><strong>minime</strong></span> <span class='ocrx_word' id='word_1_341' title='bbox 1173 4192 1321 4269; x_wconf 86' lang='lat' dir='ltr'><strong>apparet.</strong></span> 
     </span>
     <span class='ocr_line' id='line_1_40' title="bbox 153 4282 1323 4371; baseline 0.003 -22"><span class='ocrx_word' id='word_1_342' title='bbox 153 4283 237 4349; x_wconf 90' lang='lat' dir='ltr'><strong>Nam</strong></span> <span class='ocrx_word' id='word_1_343' title='bbox 258 4284 320 4348; x_wconf 94' lang='lat' dir='ltr'><strong>nisi</strong></span> <span class='ocrx_word' id='word_1_344' title='bbox 342 4282 504 4350; x_wconf 81' lang='lat' dir='ltr'><strong>infinitivo</strong></span> <span class='ocrx_word' id='word_1_345' title='bbox 526 4289 680 4369; x_wconf 83' lang='grc' dir='ltr'><strong><em>παρεῖναι</em></strong></span> <span class='ocrx_word' id='word_1_346' title='bbox 701 4286 805 4351; x_wconf 89' lang='lat' dir='ltr'><strong>simile</strong></span> <span class='ocrx_word' id='word_1_347' title='bbox 827 4287 1003 4371; x_wconf 90' lang='lat' dir='ltr'><strong>quidquam</strong></span> <span class='ocrx_word' id='word_1_348' title='bbox 1026 4285 1179 4353; x_wconf 90' lang='lat' dir='ltr'><strong>hocloco</strong></span> <span class='ocrx_word' id='word_1_349' title='bbox 1200 4287 1323 4353; x_wconf 76' lang='lat' dir='ltr'><strong>alhu-</strong></span> 
     </span>
     <span class='ocr_line' id='line_1_41' title="bbox 134 4382 1325 4474; baseline 0.01 -32"><span class='ocrx_word' id='word_1_350' title='bbox 134 4382 257 4461; x_wconf 79' lang='lat' dir='ltr'><strong>cydidc</strong></span> <span class='ocrx_word' id='word_1_351' title='bbox 275 4386 441 4468; x_wconf 71' lang='lat' dir='ltr'><strong>comptum</strong></span> <span class='ocrx_word' id='word_1_352' title='bbox 471 4387 590 4455; x_wconf 77' lang='lat' dir='ltr'><strong>fuisset</strong></span> <span class='ocrx_word' id='word_1_353' title='bbox 620 4409 685 4455; x_wconf 91' lang='lat' dir='ltr'><strong>non</strong></span> <span class='ocrx_word' id='word_1_354' title='bbox 708 4387 961 4474; x_wconf 81' lang='lat' dir='ltr'><strong>intellegeretur,</strong></span> <span class='ocrx_word' id='word_1_355' title='bbox 980 4389 1139 4471; x_wconf 85' lang='lat' dir='ltr'><strong>quomodo</strong></span> <span class='ocrx_word' id='word_1_356' title='bbox 1160 4391 1325 4471; x_wconf 79' lang='grc' dir='ltr'><strong><em>παρεῖναι,</em></strong></span> 
     </span>
    </p>
   </div>
   <div class='ocr_carea' id='block_1_3' title="bbox 0 0 1477 4770">
    <p class='ocr_par' dir='ltr' id='par_1_5' title="bbox 0 0 1477 4770">
     <span class='ocr_line' id='line_1_42' title="bbox 0 0 1477 4770; baseline 0 0"><span class='ocrx_word' id='word_1_357' title='bbox 0 0 1477 4770; x_wconf 95' lang='lat' dir='ltr'><strong> </strong></span> 
     </span>
    </p>
   </div>
  </div>
 </body>
</html>
