2918 4770
712 247 755 311 24

145 433 196 498 bis
219 439 417 516 corruptum,
440 454 544 517 neque
572 454 592 498 a
622 431 765 499 librariis
796 435 845 498 vel
874 434 1029 518 Gregorio
1059 439 1145 507 ultro
1176 442 1329 507 additum

147 555 216 600 esse
238 555 341 618 posse,
365 536 476 600 statim
499 543 645 619 apparet.
690 535 848 614 Quoniam
870 539 971 622 igitur
986 543 1121 628 θαῤῥεῖν
1142 544 1175 607 in
1197 541 1329 609 librarii

147 636 322 719 exemplari
351 636 560 722 Thucydideo
591 644 675 712 erat,
707 639 877 722 quaeritur
907 644 1067 725 quomodo
1097 645 1328 730 explicandum

149 740 203 804 sit.
248 740 435 823 Usurpatur
457 747 565 804 autem
589 734 710 820 ἰσχύειν
733 762 759 807 c.
781 740 835 805 ius.
861 764 936 808 raro
958 766 1016 828 pro
1040 741 1204 813 δύνασθαι
1220 748 1330 833 (Dem.

150 840 198 905 17.
228 844 263 926 9)
295 843 383 924 quod
419 844 446 908 si
475 841 530 908 hic
559 850 753 926 usurpatum
780 850 986 927 putaremus,
1014 869 1073 931 per
1099 849 1244 916 dativum
1278 855 1329 938 τῷ

147 942 282 1027 μεγέθει
305 964 405 1010 causa
426 945 540 1010 addita
563 964 632 1010 esse
653 952 773 1029 posset,
797 945 844 1010 ita
872 953 910 1012 ut
938 948 989 1013 his
1018 951 1122 1017 verbis
1144 952 1329 1019 dicereturz

147 1055 302 1131 „propter
324 1068 442 1131 parvas
464 1048 561 1112 urbes
584 1047 724 1112 audaces
747 1067 899 1113 essenon
922 1059 1128 1134 potuerunt“.
1171 1054 1328 1140 Respice-

147 1158 222 1214 rent
255 1157 324 1214 tum
366 1155 464 1215 rerba
495 1151 536 1214 ad
571 1171 610 1214 ea
642 1170 726 1233 quae
758 1151 959 1233 praecedunt
991 1146 1062 1218 (τύδ’
1097 1152 1328 1242 ἐπιμιγνύντες

148 1245 256 1329 ἀδεῶς
288 1248 441 1337 ἀλλήλοις
475 1252 543 1316 κτλ.
609 1252 670 1317 Sed
711 1273 784 1317 cum
821 1248 950 1332 ἰσχύειν,
986 1256 1047 1321 nisi
1081 1256 1189 1336 fallor,
1223 1261 1272 1327 ita
1306 1283 1329 1328 a

147 1356 334 1440 Thucydide
368 1364 560 1440 usurpatum
594 1375 657 1419 nou
691 1355 755 1431 sit,
788 1353 963 1438 Gregorius
998 1364 1108 1424 autem
1143 1360 1223 1426 alias
1257 1362 1328 1430 fero

148 1481 274 1543 semper
296 1459 577 1542 neglegentissime
592 1456 765 1536 describat,
790 1457 922 1541 eiusque
947 1463 1135 1528 auctoritati
1158 1485 1220 1528 non
1242 1466 1329 1532 mul·

148 1569 217 1626 tum
240 1562 340 1626 tribui
362 1563 474 1646 possit,
498 1559 702 1626 verisimilius
725 1566 774 1625 εει
788 1560 821 1623 in
833 1559 979 1644 Gregorii
995 1565 1170 1648 exemplari
1185 1567 1327 1650 pessimo

149 1664 210 1729 hoc
238 1666 383 1750 θαῤῥεῖν,
405 1664 543 1729 fortasse
565 1664 597 1726 in
620 1663 741 1727 maiore
763 1661 896 1741 scholio,
926 1664 1103 1749 ascriptum
1129 1667 1238 1748 fuisse,-
1260 1692 1328 1737 non

148 1767 190 1830 ad
214 1773 338 1830 certum
360 1765 561 1843 vocabulum,
585 1765 642 1828 sed
672 1765 714 1829 ad
737 1772 840 1830 totam
863 1766 1073 1845 sententiam,
1102 1791 1186 1853 quae
1213 1778 1264 1837 est
1285 1773 1329 1839 de

147 1876 291 1932 veterum
316 1869 422 1933 animo
453 1875 552 1949 atque
581 1867 782 1932 fortitudine.
829 1866 979 1932 Ceterum
1009 1891 1235 1956 quamcunque
1268 1895 1326 1939 ex-

148 1970 357 2054 plicationem
379 1970 498 2052 aliquis
521 1969 738 2052 amplectitur,
767 1969 830 2034 hoc
852 1988 915 2033 nou
939 1976 989 2034 εει
1016 1974 1209 2054 negandum,
1237 1977 1326 2042 eius-

150 2072 235 2137 modi
269 2072 373 2151 locos,
406 2071 525 2154 quibus
561 2093 676 2137 novum
710 2072 843 2155 aliquod
874 2071 1064 2138 vocabulum
1096 2076 1243 2143 additum
1276 2087 1328 2146 est

150 2176 301 2259 quodque
324 2181 467 2240 nostrum
488 2175 634 2240 codicum
656 2175 764 2239 nullus
786 2173 926 2249 exhibet,
950 2195 1076 2258 semper
1099 2197 1329 2246 commemora-

149 2278 237 2342 tione
252 2277 354 2342 multo
370 2276 530 2360 digniores
546 2296 624 2354 esse,
647 2296 744 2359 quam
761 2296 824 2352 eos,
848 2275 966 2359 quibus
981 2283 1163 2344 nostrorum
1179 2282 1328 2351 codicum

150 2380 250 2445 verba
275 2379 478 2445 omittuntur.
523 2378 596 2445 Sine
612 2380 710 2445 dubio
734 2379 817 2443 enim
832 2379 940 2444 omissi
954 2380 1099 2444 vocabuli
1125 2403 1223 2448 causa
1237 2389 1327 2470 apud

149 2481 209 2549 hos
231 2484 405 2566 scriptores
427 2503 447 2546 a
469 2481 537 2547 sola
559 2482 762 2566 neglegentia
784 2501 909 2566 semper
930 2484 1033 2565 repeti
1055 2489 1172 2567 potest.

236 2691 259 2755 I.
283 2691 313 2756 6.
343 2691 408 2769 (18.
435 2690 491 2775 32)
546 2690 621 2755 Sine
654 2689 753 2754 dubio
776 2688 994 2772 Hermogenes
1025 2691 1135 2757 codice
1167 2714 1244 2760 usus
1277 2703 1330 2762 est

151 2794 255 2859 alieno
278 2814 298 2859 a
321 2792 448 2869 nostris,
472 2793 638 2874 coniungit
660 2792 745 2855 enim
767 2792 830 2855 duo
855 2791 1025 2857 enuntiata
1048 2793 1080 2857 in
1104 2816 1212 2873 uuum,
1242 2819 1328 2881 quae

151 2900 182 2961 in
207 2897 325 2962 nostris
348 2895 514 2961 codicibus
529 2897 562 2959 in
579 2895 677 2960 variis
690 2893 844 2977 leguntur
859 2893 1028 2977 capitibus.
1073 2897 1209 2975 Quinam
1224 2900 1328 2984 igitur

151 3006 261 3065 textus
272 2998 481 3080 Hermogenis
505 2999 701 3064 constitutus
723 2997 821 3061 fuerit
836 2997 1057 3079 quaerendum
1079 3009 1137 3065 est.
1182 3001 1215 3067 Si
1238 3023 1328 3069 eom·

150 3121 302 3185 paramus
333 3101 419 3164 inter
447 3120 497 3165 se:
534 3100 557 3163 l.
579 3103 607 3166 ὁ.
643 3097 736 3182 μέχρι
765 3099 860 3163 τοῦδε
890 3098 999 3163 πολλὰ
1028 3104 1086 3187 τῆς
1104 3099 1260 3182 Ἑλλιύδες
1280 3110 1328 3192 τῷ

151 3202 284 3287 παλαιῷ
298 3193 415 3288 τρόπῳ
430 3202 558 3284 νέμεται
574 3209 607 3267 et
622 3203 645 3266 l.
662 3204 689 3268 6.
706 3205 840 3288 σημεῖον
855 3193 958 3266 δ’ἐστὶ
972 3205 1078 3267 ταῦτα
1093 3209 1150 3291 τῆς
1168 3199 1328 3284 Ἕλλεύδος

152 3302 201 3371 ἔτι
216 3301 299 3370 olivo
315 3303 482 3387 νεμόμενα,
507 3307 618 3371 statim
633 3306 849 3388 intellegimus
864 3325 962 3387 quam
975 3305 1094 3371 similia
1108 3308 1194 3372 inter
1212 3329 1247 3373 εε
1262 3309 1328 3374 εἰει

152 3409 234 3474 haec
256 3409 321 3473 duo
344 3408 521 3484 enuntiata,
546 3421 683 3491 cumque
704 3415 876 3491 praeterea
898 3409 1060 3474 sententia
1081 3409 1216 3476 alterius
1236 3411 1327 3496 (1.6)

153 3511 312 3575 enuntiati
328 3511 361 3575 in
376 3512 484 3594 priore
495 3511 533 3593 (l.
544 3513 579 3595 ὁ)
591 3511 723 3576 uberius
739 3511 783 3575 sit
798 3508 961 3593 explicata
975 3506 1039 3594 (ἔτι
1051 3543 1092 3566 =
1102 3512 1194 3597 μέχρι
1206 3515 1302 3580 τοῦδε
1313 3514 1324 3602 ll

152 3609 328 3698 σύειον-τῷ
343 3612 477 3698 παλαιῷ
492 3612 631 3697 τρόπῳ),
642 3634 704 3678 non
715 3613 807 3696 longe
820 3632 841 3677 a
855 3633 930 3678 vero
947 3612 1101 3679 aberrare
1115 3616 1193 3679 mibi
1206 3617 1327 3696 videor,

153 3718 180 3781 si
204 3717 294 3800 prius
318 3716 518 3780 enuntiatum
548 3715 591 3779 ad
620 3713 759 3780 alterum
781 3714 1008 3798 explicandum
1035 3718 1236 3802 adscriptum
1258 3741 1328 3786 esse

154 3825 244 3901 puto.
290 3818 384 3882 Certe
405 3815 519 3880 rerba:
542 3812 710 3902 καὶμέχρι
731 3816 827 3880 τοῦδε
851 3853 889 3864 -
913 3815 1053 3897 νέμεται,
1076 3840 1141 3903 quo
1162 3819 1234 3886 leco
1257 3829 1327 3888 tra·

155 3920 276 3985 duntur
298 3919 375 3984 ferri
397 3939 459 3983 non
483 3925 628 4001 possunt,
651 3919 728 4000 quia
750 3917 845 4001 plane
872 3918 958 3984 idem
985 3921 1049 3985 iam
1079 3922 1192 4004 paucis
1221 3924 1328 3990 verbis

155 4022 375 4087 antedictum
398 4027 461 4086 est:
494 4019 627 4105 δηλοῦσι
650 4018 686 4085 δὲ
707 4023 772 4082 τῶν
796 4063 832 4072 -
857 4019 946 4104 δρᾶν.
992 4022 1106 4105 Itaque
1127 4025 1273 4107 suspicor
1296 4029 1327 4095 in

154 4124 367 4206 Hermogenis
390 4122 499 4189 codice
514 4120 721 4205 Thucydideo
746 4123 844 4187 verba
865 4119 921 4186 καὶ
942 4121 1034 4205 μέχρι
1055 4127 1152 4191 τοῦδε
1175 4164 1214 4176 -
1238 4131 1330 4212 νέμε-

156 4249 211 4291 ται
234 4225 375 4291 nondum
390 4226 513 4308 scripta
536 4223 642 4300 luisse,
666 4225 722 4288 sed
745 4231 859 4309 postea
881 4247 949 4292 εεεε
969 4226 1090 4304 addita,
1107 4231 1206 4296 verba
1219 4238 1328 4297 autem

157 4323 235 4408 περί
259 4350 295 4392 τε
317 4322 473 4411 Λοκρούς
508 4365 548 4373 -
584 4317 720 4410 ἤπειρον
742 4326 900 4392 collocata
934 4329 1033 4395 fuisse
1062 4338 1138 4413 post
1169 4328 1330 4415 νεμόμενα

134 4427 173 4501 (l.
200 4429 244 4508 ὅ),
280 4428 370 4494 Puto
389 4430 497 4514 igitur
516 4430 566 4497 sic
588 4429 623 4495 in
646 4429 860 4516 Hermogenis
882 4430 993 4498 codice
1012 4431 1131 4496 luisset
