2918 4770
700 214 742 281 29

134 401 333 492 νεγκαίμενοι,
370 399 581 489 ἒπεσὲπλεον,
615 397 853 468 α’πετετέλεστο
881 402 950 483 (Kr.
973 403 997 484 Ι,
1022 404 1049 480 1,
1072 403 1108 487 2)
1143 411 1175 468 et
1201 402 1307 470 locum

134 517 245 575 nostro
268 506 464 573 simillimum
487 505 557 588 (lv,
581 507 651 584 103,
677 507 707 587 1)
744 500 931 590 Βρομίακαν
965 493 985 590 ᾗ
1017 499 1035 591 ἡ
1069 502 1180 593 Βόλβη
1212 503 1308 594 λίμνη

136 607 259 698 ἐξίησιν
287 607 322 687 ἐς
344 603 529 672 θάλασσαν.
597 609 832 674 Grammaticos
864 615 971 672 autem
1002 606 1090 671 haud
1121 630 1195 674 raro
1225 609 1308 675 tales

136 714 224 779 locos
246 711 417 776 emendare
438 711 602 777 studuisse
624 732 682 794 per
704 731 739 776 se
760 717 862 793 patet,
886 713 997 794 itaque
1012 711 1159 795 Gregorii
1181 733 1309 795 quoque

136 817 331 899 scripturam
355 836 394 878 ex
416 814 618 896 grammatici
642 814 833 878 emendandi
856 814 965 878 studio
988 822 1093 879 ortam
1116 835 1191 897 ergo
1214 815 1309 879 refel-

137 917 267 983 lendam
291 923 381 1000 puto.

223 1072 274 1150 25,
301 1073 349 1135 10.
390 1066 543 1156 ἐπράχθη
566 1067 617 1153 δὲ]
646 1093 682 1135 τε
705 1070 796 1135 codd.
841 1093 877 1134 τε
906 1077 939 1134 ct
960 1068 996 1134 δὲ
1019 1092 1173 1155 persaepe
1195 1072 1309 1138 immu-

138 1181 252 1240 tantur
281 1195 386 1257 neque
413 1193 540 1256 semper
567 1194 626 1257 pro
655 1179 743 1238 certo
772 1172 934 1237 affirmare
961 1194 1140 1256 possumus,
1174 1176 1253 1258 quid
1276 1198 1312 1240 re

139 1298 216 1342 vera
238 1298 258 1341 a
280 1278 439 1360 scriptore
462 1276 632 1341 oriundum
655 1278 707 1354 sit,
735 1276 793 1341 sed
822 1274 882 1340 hoo
904 1275 974 1340 loco
996 1299 1032 1340 τε
1053 1276 1311 1359 amplectendum

140 1380 280 1455 videtum
320 1378 425 1444 verbis
459 1380 543 1443 enim
578 1399 662 1462 quae
699 1378 899 1462 praecedunt
933 1376 998 1442 non
1034 1398 1151 1443 novum
1189 1379 1313 1462 aliquid

140 1483 324 1564 opponitur,
347 1481 405 1546 sed
420 1482 580 1546 sententia
594 1481 748 1546 inchoata
771 1481 811 1545 ad
828 1478 925 1544 finem
940 1479 1145 1563 perducitur:
1169 1483 1255 1559 „und
1278 1504 1313 1548 so
1409 1467 1411 1471 ¹

142 1583 252 1647 wurde
274 1584 358 1648 denn
382 1584 489 1648 nichts
504 1583 728 1648 Bedeutendos
751 1603 810 1647 von
832 1582 930 1646 ihnen
953 1580 1135 1664 geleistet“.
1178 1583 1315 1650 Prorsus

142 1687 191 1750 ita
212 1705 265 1749 res
286 1706 320 1750 se
342 1685 443 1752 habet
464 1686 503 1765 ΙΙ,
528 1688 568 1752 65
592 1687 675 1769 (141,
697 1687 750 1768 22)
773 1684 829 1750 ubi
852 1684 1011 1750 Aristides
1033 1680 1174 1770 ἐγίγνετο
1198 1686 1234 1751 δέ
1256 1709 1315 1771 pro

142 1790 178 1852 rr!
200 1787 340 1854 exhibet.
1233 1799 1236 1806 '

228 1943 252 2022 I,
274 1945 322 2009 18.
360 1945 422 2026 (26,
448 1945 482 2029 1)
518 1939 573 2030 ἔτη
606 1940 666 2027 γάρ
690 1940 761 2009 ἐστι
782 1938 926 2026 μάλιστα
947 1939 1142 2026 τετρακόσια
1170 1933 1316 2028 ίίΛακ]

143 2039 289 2125 μάλιστα
317 2042 512 2129 τετρακόσια
540 2043 595 2110 καὶ
625 2039 727 2132 ὀλίγῳ
761 2041 865 2110 πλείω
894 2042 927 2124 ἐς
953 2042 1011 2132 τὴν
1040 2042 1189 2132 τελευτὴν
1223 2047 1319 2111 τοῦδε

144 2150 204 2210 τοῦ
226 2145 375 2230 πολέμου
397 2143 456 2236 ἀφ’
478 2138 516 2214 οὗ
537 2154 629 2215 Λακ.
651 2149 753 2215 codd*
787 2148 836 2212 Ex
860 2149 964 2214 verbis
996 2170 1080 2232 quae
1104 2149 1319 2232 Hermogenes

146 2250 268 2316 omittit
300 2251 399 2316 verba
431 2248 465 2329 ἐς
486 2248 544 2327 τὴν
566 2291 606 2301 -
629 2249 776 2333 πολέμου
799 2251 887 2317 nullo
918 2252 1012 2317 modo
1041 2253 1151 2317 deesse
1173 2260 1318 2337 possunt,

146 2353 224 2434 quia
244 2359 314 2418 tum
337 2354 465 2419 deesset
487 2356 654 2434 terminus,
684 2356 771 2419 unde
799 2356 831 2418 in
855 2355 1055 2419 numerando
1085 2355 1212 2419 initium
1235 2362 1320 2419 esset

147 2453 341 2519 faciendum.
388 2455 502 2539 ltaque
525 2458 552 2522 si
573 2455 654 2521 haec
676 2456 775 2521 verba
788 2457 925 2540 simplici
939 2456 1064 2522 librarii
1080 2478 1188 2521 errore
1203 2458 1321 2522 omissa

148 2565 233 2635 sunt,
256 2558 341 2622 idem
359 2559 424 2622 iam
445 2580 504 2642 per
525 2580 559 2624 se
580 2560 810 2643 suspicandum
832 2566 882 2624 est
904 2560 944 2624 de
968 2561 1084 2626 ceteris
1099 2559 1213 2638 verbis,
1237 2580 1321 2642 quae

149 2659 261 2725 eodem
293 2661 327 2724 in
359 2659 429 2725 loco
461 2662 502 2727 ab
523 2662 725 2746 Hermogene
746 2664 950 2740 omittuntur,
985 2683 1182 2745 quamquam
1213 2665 1321 2740 miror,

149 2763 183 2826 in
200 2762 393 2828 editionibus
416 2764 496 2828 nibil
517 2766 559 2831 ad
582 2766 680 2831 verba
702 2764 757 2830 καί
779 2757 880 2850 ὀλίγῳ
903 2760 1008 2828 πλείω
1031 2765 1221 2831 adnotatum
1243 2785 1323 2843 esse,

150 2885 225 2929 nam
247 2865 326 2947 quid
348 2872 398 2930 est
419 2857 567 2947 μάλιστα
597 2863 791 2952 τετρακόσια
821 2861 876 2952 ἔτη
903 2863 959 2930 καί
981 2861 1081 2952 ὀλίγῳ
1103 2863 1230 2930 πλείωΙ
1273 2868 1324 2931 Ad

150 2962 295 3049 μάλιστα
309 2968 440 3050 quidem
455 2970 592 3035 adnotat
604 2971 804 3055 Kruegerus:
820 2966 986 3051 ,penitiora
1001 2969 1210 3051 ‚,ungeiahr“‚
1227 2976 1325 3034 etwas

152 3069 244 3134 mehr
271 3070 350 3135 oder
370 3073 542 3154 -weniger“‚
576 3081 610 3138 ct
639 3074 799 3138 consentit
821 3094 893 3138 oum
917 3092 953 3136 eo
978 3071 1149 3137 Classenus
1173 3094 1197 3137 c.
1223 3074 1273 3150 13,
1295 3072 1324 3136 3.

153 3173 205 3249 At,
233 3173 260 3236 si
287 3173 369 3238 haec
398 3182 447 3239 est
478 3176 525 3240 vis
546 3176 694 3241 vocabuli
715 3171 868 3259 μάλιστα,
899 3174 1058 3257 quomodo
1089 3175 1326 3239 adnumerum

154 3275 310 3340 incertum
333 3277 399 3341 elia
413 3275 557 3342 definitio
573 3278 747 3343 numeralis
762 3299 824 3343 non
846 3279 948 3360 magis
971 3284 1061 3342 certa
1082 3277 1159 3342 addi
1174 3279 1326 3361 potuerit,

155 3398 216 3444 nou
240 3387 465 3462 exposuerunt
510 3380 595 3458 Quid
618 3383 702 3446 euim
726 3389 793 3446 est:
816 3400 872 3458 „es
894 3380 967 3445 sind
983 3379 1327 3462 ungeiahr400dahre

155 3480 223 3545 und
247 3481 329 3546 noch
355 3490 454 3547 etwas
471 3482 652 3549 dariiber⁸‘?
698 3483 799 3547 Aliter
821 3482 1002 3548 Voemelius
1024 3482 1166 3564 (Franks.
1191 3481 1328 3546 Herbst·

157 3603 264 3666 progr.
292 3586 387 3668 1852)
411 3585 586 3668 explicavit
606 3580 759 3667 μάλιστα.
804 3586 950 3651 Adnotet
978 3588 1060 3650 enim
1081 3583 1257 3650 scholiasta
1286 3583 1329 3648 ad

157 3684 181 3762 Ι,
207 3686 244 3750 17
269 3678 309 3750 δι’
335 3681 518 3773 ἀσφαλείας
540 3683 616 3752 ὅσον
639 3681 793 3752 ἐδύναντο
821 3684 966 3769 μάλιστα
994 3685 1054 3764 τὰς
1083 3681 1197 3762 πόλεις
1227 3679 1329 3772 ᾤκουν

157 3788 239 3854 haec
270 3785 434 3871 ,μάλιστα
457 3783 531 3853 ἀντί
560 3795 619 3854 τοῦ
637 3782 814 3873 ‹lapideis-‘3
848 3791 897 3854 ita
928 3797 965 3855 ut
998 3812 1057 3873 per
1088 3784 1233 3869 μάλιστα
1266 3809 1330 3852 non

157 3890 362 3957 indefinitum
393 3893 581 3976 quidquam,
620 3894 678 3958 sed
715 3900 838 3957 certum
877 3900 976 3975 atquo
1007 3897 1159 3957 accurate
1193 3891 1331 3955 circum-

159 3995 316 4078 scriptum
348 3995 564 4078 significatum
599 3995 677 4061 velit
709 4003 884 4078 nostraquo
916 3994 1028 4077 lingua
1057 3995 1100 4058 sit
1127 3996 1331 4058 vertendum:

159 4099 297 4178 ‚,Soweit
318 4119 352 4163 es
366 4099 505 4182 mdglich
527 4121 593 4164 war
607 4099 797 4164 bewohnten
820 4101 867 4164 sie
888 4100 921 4162 in
937 4096 1118 4163 Sioherheit
1140 4097 1257 4180 gerade
1280 4096 1332 4161 dio

160 4202 308 4268 siedron
352 4202 401 4266 Ad
423 4202 479 4282 III,
503 4202 554 4281 92,
577 4203 598 4266 5
617 4197 793 4285 Ἡράκλεια
815 4194 983 4282 ἀπέχουσα
1010 4199 1232 4285 Θερμοπυλῶν
1254 4220 1332 4262 στα-

161 4299 251 4381 δίους
271 4297 417 4385 μάλιστα
437 4300 679 4391 τεσσαράκοντα
706 4305 806 4371 schol.
836 4304 973 4369 adnotat
997 4298 1145 4384 μάλιστα
1172 4294 1247 4365 ἀντὶ
1276 4303 1334 4366 τοῦ

160 4400 230 4477 κατ’
252 4402 434 4494 ἅκρίβειανε
463 4408 649 4488 „Heraclea
669 4409 713 4475 ist
735 4428 795 4475 ron
819 4406 880 4473 den
903 4404 1140 4492 Thermopylen
1163 4425 1269 4494 genau
1291 4403 1334 4470 40
