2918 4770
698 251 740 318 ³4

138 547 245 614 Schol.
275 546 329 611 Ar.
360 544 438 610 Pax.
460 543 525 608 466
554 537 612 607 ἐπὶ
643 538 703 626 γὰρ
748 533 896 623 ...άρχει
912 537 948 604 δὲ
961 537 1029 604 τῶν
1051 537 1207 603 σπονδῶν
1221 585 1253 602 ..
1277 533 1312 602 έν

132 645 323 716 Ἀλκαίου
355 641 503 722 σπονδάς
535 665 616 729 φησι
650 665 701 726 γε·
738 637 898 728 Ἀθήναις
920 635 1025 724 άρχων
1043 634 1197 716 Ἀλκαῖος
1219 638 1311 722 (329,

138 750 264 838 χονέναι
283 744 460 832 Φιλόχορος
481 767 700 831 πεντηκον-
743 747 818 828 9)..
839 737 895 829 έτη
917 742 954 807 δὲ
976 734 1060 807 εἶναι
1079 737 1142 818 τάς
1161 739 1315 819 σπονδὰς

138 845 502 935 ταετεῖςἈθηναίοις
521 844 576 912 καί
591 850 703 911 Λακε-
745 841 947 931 πεντήκοντα
973 839 1197 931 Ἀθηναίοις.
1220 891 1228 908 .
1253 840 1313 909 καί

139 951 324 1038 δαιμονίοις
351 949 407 1016 καὶ
432 954 504 1028 τοῖς
525 945 704 1032 ξυμμάχοις
746 942 1027 1029 Λακεδαιμονίοις
1056 942 1112 1011 καί
1137 948 1209 1023 τοῖς
1231 945 1312 1030 ζυμ-

140 1053 228 1145 πλὴν
250 1057 407 1121 Βοιωτῶν
436 1048 490 1117 καὶ
512 1046 703 1137 Κορινθίων
745 1045 863 1131 μάχαις
879 1050 963 1131 (321,
980 1047 1033 1132 28)
1053 1046 1139 1136 πλὴν
1150 1051 1312 1114 Βοιωτῶν

139 1157 195 1224 καί
215 1152 363 1222 Ἠλείων.
745 1148 801 1216 καί
845 1146 1035 1237 Κορινθίων
1078 1147 1133 1215 καί
1170 1143 1313 1217 Ἠλείων

748 1253 836 1337 (327,
861 1255 926 1340 14).

649 1390 798 1467 111,11ἷ).

140 1498 247 1567 Sehel,
270 1498 324 1564 Ar.
351 1496 447 1579 Vesp.
470 1495 534 1560 240
561 1487 704 1578 Λάχητα
745 1486 1020 1575 Πυθόδωρον...
1042 1487 1245 1573 διάδοχον
1267 1482 1315 1558 dr

140 1597 172 1667 οί
208 1597 285 1683 περὶ
321 1595 380 1663 τόν
412 1591 594 1678 Φιλόχορον
631 1593 702 1658 δια·
747 1587 905 1679 ὁΛάχης
925 1580 1020 1680 ἦρχεν
1042 1593 1131 1676 (236,
1152 1594 1220 1680 33).

141 1698 343 1785 δέξασθαί
364 1720 447 1784 φασι
462 1693 635 1784 Σοφοκλέα
650 1694 706 1761 καί

141 1800 358 1885 Πυθόδωρον.

663 1917 790 1996 1v‚65.

141 2023 246 2091 Schel.
281 2023 335 2087 Ar.
368 2022 466 2105 Vesp.
497 2021 570 2086 240.
605 2015 636 2083 el
671 2018 707 2084 δὲ
746 2011 921 2104 Ἀθηναῖοι
946 2064 985 2082 ..
1016 2020 1101 2104 φυγῇ
1129 2014 1316 2104 ἐζημίωσαν

142 2123 219 2211 περὶ
241 2121 297 2190 τὸν
311 2119 490 2206 Φιλόχορόν
504 2125 706 2208 duodequ-
747 2116 953 2203 Πυθόδωρον
1018 2116 1074 2183 καὶ
1140 2121 1316 2207 Σοφοκλέα

141 2227 220 2292 κλέα
240 2224 295 2291 καί
318 2221 525 2307 Πυθόδωρον
546 2228 630 2310 φυγῇ
655 2223 708 2309 ζη-
751 2223 838 2306 (274,
860 2223 907 2306 2).

141 2332 319 2414 μιωθῆναι.

668 2444 788 2523 Ι,114.

143 2548 247 2616 schol.
261 2548 314 2614 Ar.
325 2546 408 2614 Nub.
423 2548 487 2614 213
509 2546 706 2631 Περικλέους
748 2542 947 2632 Περικλέους
961 2547 1217 2631 στρατηγοῦντος
1230 2569 1314 2611 κατ-

142 2652 399 2737 οτρατηγοάντος
474 2647 708 2734 καταστρέψα-
752 2645 954 2733 εοτρέψαντο
999 2652 1111 2713 πᾶσαν
1157 2646 1212 2712 καὶ
1257 2647 1320 2738 τὴν

144 2758 228 2819 σθαι
250 2746 475 2839 [Ἀθηναίους]
495 2755 607 2816 πᾶσαν
631 2745 709 2834 [Εά-
749 2748 810 2831 μέν
841 2744 941 2836 άλλην
972 2744 1127 2837 ὁμολογίᾳ
1159 2749 1320 2840 κατεστή-

143 2856 254 2938 βοιαν]
275 2851 357 2939 φοοδ
374 2849 552 2937 Φιλόχορος
572 2850 628 2916 καὶ
649 2853 707 2938 τὴν
751 2871 859 2916 υαντο.
900 2848 1065 2930 Ἑστιαιᾶς
1086 2844 1116 2916 δ’
1138 2849 1321 2934 ἐξοικίσαν-

144 2957 204 3039 μέν
225 2949 324 3041 άλλην
346 2951 405 3019 έπὶ
427 2947 586 3041 ὁμολογίᾳ
608 2976 707 3017 κατα·
750 2976 804 3030 τες
832 2948 926 3019 αὐτοὶ
953 2949 1014 3040 τήν
1040 2958 1099 3041 γῆν
1126 2950 1221 3036 έοχον
1247 2955 1319 3042 (79,

146 3061 327 3142 σταθῆναι·
348 3048 539 3123 Ἕστιαιέων
562 3054 598 3121 δὲ
611 3045 713 3120 άποι-
756 3055 823 3141 34).

145 3157 329 3282 τρωθέντων
366 3152 484 3236 αότοδς
519 3154 577 3247 τὴν
606 3154 713 3244 χάραν

148 3283 335 3442 οἳχεινλλυωιι
356 3360 462 3426 locum
486 3362 691 3445 desumptum
713 3381 782 3426 esse
805 3383 844 3427 ex
866 3360 1054 3445 Thucydide
1081 3363 1145 3427 iem
1177 3363 1229 3448 (ut
1257 3383 1320 3446 per

149 3468 235 3550 erat)
247 3463 421 3557 Muellerus
436 3463 617 3528 observavit
639 3463 711 3549 (eir.
724 3463 876 3547 Strenge:
898 3472 1037 3546 quaesit
1051 3464 1192 3530 Phileeh.
1208 3486 1241 3549 p.
1252 3464 1321 3551 ὅθ).

236 3601 324 3679 1,53
353 3599 420 3683 (45,
443 3600 499 3683 32)
544 3595 762 3683 προπέμψαι]
794 3599 1015 3683 προςπέμψαι
1037 3601 1130 3667 codd.
1163 3637 1205 3647 -
1234 3621 1321 3686 προ-

151 3700 299 3784 πέμπειν
331 3701 418 3784 qued
455 3700 601 3766 etiamO
631 3700 762 3766 exhibet
792 3707 842 3767 est
875 3701 1011 3779 „vorher
1032 3702 1215 3780 sehielren“‚
1252 3701 1322 3767 seil.

151 3810 327 3887 autequam
358 3801 570 3867 Athenienses
603 3822 658 3868 eos
689 3802 952 3885 aggrederentur,
986 3804 1073 3888 quod
1106 3826 1146 3870 ne
1178 3805 1324 3871 fecerent

150 3906 330 3973 timendum
351 3911 431 3970 erat
474 3904 511 3968 ln
533 3905 643 3971 dativo
667 3903 894 3970 offendendum
916 3926 980 3970 nen
1003 3913 1062 3986 est,
1088 3927 1164 3972 uem
1185 3907 1213 3972 si
1235 3905 1322 3990 πέμ-

154 4029 232 4072 πειν
252 4000 317 4071 τινί
343 4026 405 4083 „en
426 4005 563 4071 demand
585 4005 756 4072 sehielreu“
786 4007 895 4073 dicere
916 4006 1003 4084 lieet,
1033 4028 1098 4075 nun
1119 4009 1225 4073 minus
1245 4007 1325 4074 lieet

154 4106 371 4195 προπέμπειν
391 4104 458 4173 τινί
478 4108 614 4186 „vorher
636 4128 678 4172 au
692 4108 830 4174 Jemend
852 4109 1035 4187 sehielren“,
1057 4117 1095 4175 nt
1117 4112 1213 4176 etiam
1234 4111 1325 4176 inve·

155 4211 259 4276 ninius
280 4209 305 4289 1,
329 4209 370 4275 29
392 4211 458 4294 (32,
480 4211 537 4295 29)
558 4210 612 4288 IV,
635 4211 677 4276 30
699 4209 787 4293 (256,
809 4212 855 4295 2).
912 4210 952 4275 In
974 4208 1194 4297 προςπέμψαι
1215 4218 1324 4278 eutem

156 4310 242 4399 πρὸς
256 4333 529 4398 supervacaneum
546 4318 641 4390 esset,
656 4311 835 4379 suffecisset
849 4312 986 4396 simplex
1002 4310 1158 4395 πέμπειν.
1195 4313 1325 4399 Optime

134 4414 245 4497 [fitur
258 4416 358 4482 etrum
371 4413 596 4506 προπεμπειν
609 4436 631 4489 e
644 4413 837 4508 Thucydide
849 4414 1036 4506 preleetum
1050 4433 1121 4481 esse
1132 4421 1257 4499 estest,
1273 4416 1336 4480 sed
