2918 4770
696 222 736 288 41

136 411 223 496 quod
239 410 282 478 ad
296 416 399 477 totam
413 409 607 476 sententiam
622 429 686 476 non
699 408 842 493 quadrat
855 407 984 474 omnino
999 405 1140 474 adscribi
1154 405 1307 493 potuerit

137 513 339 580 Servandum
360 514 461 596 igitur
484 520 534 579 est
555 513 719 579 Sintenisii
742 508 889 600 παρῄνει.

220 649 261 727 11,
287 651 335 714 12.
372 650 531 715 Aristides
554 649 607 734 (ΙΙ,
634 650 709 735 175)
731 651 772 714 de
783 649 950 735 Lysandro
972 647 1070 712 verba
1084 648 1205 714 faciens
1228 648 1308 713 dicit

138 774 210 819 eum
232 751 331 818 fuisse
355 751 488 817 πολλῶν
509 748 565 815 καὶ
585 746 731 834 μεγάλων
753 755 861 817 κακῶν
888 753 958 827 τοῖς
977 745 1130 835 Ἓλλησιν
1156 744 1306 835 ἰίρξαντο.

137 855 289 920 Mutuata
319 861 395 920 sunt
426 855 507 919 haec
539 853 639 919 rerba
671 874 710 918 ex
743 854 843 919 Thuc.
866 852 906 930 ll,
932 854 980 932 12,
1017 854 1073 935 qui
1095 851 1309 936 Melesippum

137 955 296 1023 dicentem
317 955 399 1022 facit
424 948 482 1042 ἥδε
503 951 522 1042 ἡ
544 949 648 1041 ἡμέρα
670 958 741 1033 τοῖς
752 951 887 1042 Ἕλλησι
907 951 1055 1038 μεγάλων
1076 957 1182 1018 κακῶν
1204 945 1307 1034 όίρξειι

137 1058 229 1124 deest
243 1058 343 1141 igitur
358 1057 410 1123 hic
426 1057 568 1123 πολλῶν.
611 1057 762 1124 Fortasse
776 1058 837 1125 hoc
859 1056 946 1122 ultro
961 1056 1124 1122 addidisse
1134 1056 1309 1121 Aristidem

138 1159 256 1244 aliquis
289 1161 387 1238 dicat,
420 1181 479 1226 nec
507 1180 687 1238 renuerem,
724 1161 784 1225 nisi
819 1160 917 1225 etiam
948 1157 1048 1224 schol.
1079 1159 1132 1223 Ar.
1152 1179 1218 1241 pax
1246 1156 1309 1222 435

138 1261 335 1347 Thucydidis
364 1268 469 1328 totum
490 1263 597 1329 locum
620 1262 805 1328 exscribens
828 1261 961 1327 πολλῶν
982 1259 1037 1325 καὶ
1060 1261 1203 1326 adderet.
1247 1259 1309 1337 Qui

139 1384 312 1431 consensus
334 1386 406 1430 cum
429 1365 477 1431 ita
498 1371 624 1430 tantum
651 1365 805 1449 explicari
826 1365 939 1448 possit,
961 1365 1054 1429 utin
1075 1362 1184 1446 aliquo
1201 1361 1309 1426 codice

138 1464 346 1550 Thucydideo
369 1465 502 1531 πολλῶν
534 1466 616 1532 illud
645 1488 758 1532 revera
786 1466 1002 1551 perscriptum
1030 1465 1138 1542 fuerit,
1172 1484 1310 1547 cumque

137 1566 271 1632 πολλῶν
304 1575 381 1634 ante
411 1566 559 1652 μεγάλων
594 1576 729 1652 propter
751 1565 994 1650 ὃμοιοτέλεοτον
1024 1566 1120 1633 facile
1163 1566 1311 1632 excidere

138 1670 292 1754 potuerit,
315 1669 450 1734 πολλῶν
471 1667 528 1734 καὶ
549 1670 785 1736 restituendum
808 1690 877 1735 esse
899 1678 989 1754 puto.

223 1805 262 1884 11,
284 1806 337 1872 35.
371 1807 459 1889 (122,
484 1808 538 1894 17)
569 1798 628 1895 ἤδη
650 1800 823 1891 εἰρηκότων
853 1807 983 1872 Maxim.
1007 1806 1153 1883 Planud,
1177 1807 1309 1891 Dionys.

139 1906 212 1974 Hal.
233 1908 302 1986 113,
326 1910 357 1986 b,
381 1910 448 1974 cod.
464 1908 563 1974 Thuc.
580 1908 605 1974 Ο
621 1946 660 1955 -
677 1904 852 1994 εἰρηκότων
873 1901 934 1995 ἤδη
957 1915 1031 1976 cett.
1045 1908 1138 1974 codd.
1162 1945 1202 1956 -
1226 1902 1311 1993 εἰρη-

139 2005 282 2076 κότωνΟι
304 2033 354 2094 pr.
376 2032 416 2074 m.
460 2010 549 2076 Haec
570 2012 715 2076 codicum
730 2011 950 2094 discrepantia
960 2011 1064 2087 docet,
1087 2012 1121 2074 in
1136 2009 1311 2094 archetypo

140 2114 393 2197 superscriptum
414 2111 514 2177 fuisse
535 2105 606 2200 ἤδη,
638 2113 694 2178 sed
717 2134 780 2197 quo
801 2112 872 2178 loco
895 2112 1115 2198 Thucydidem
1138 2110 1311 2177 collocasse

140 2214 359 2281 censebimus?
401 2212 634 2280 Herwerdenus
666 2216 767 2299 (stud.
789 2216 907 2282 Thucc.
930 2239 961 2300 p.
984 2216 1040 2300 28)
1071 2221 1105 2280 ct
1136 2212 1238 2280 Sadee
1264 2217 1311 2300 (p.

142 2319 201 2382 137
234 2317 342 2402 [221]),
380 2315 437 2399 qui
471 2315 568 2381 iidem
604 2316 691 2384 hunc
726 2317 832 2384 locum
869 2324 1094 2383 tractaverunt
1130 2338 1150 2383 a
1186 2316 1311 2399 vulgari

139 2419 277 2486 lectione
297 2419 449 2483 recedere
470 2437 534 2482 non
557 2420 688 2486 audent.
731 2419 790 2485 llle
812 2420 906 2485 dicit:
929 2422 1094 2498 „inversus
1116 2419 1195 2485 ordo
1217 2440 1311 2485 voca-

140 2520 292 2587 bulorum
322 2521 442 2586 citatur
473 2541 491 2584 e
519 2520 672 2606 Dionysio
699 2523 739 2587 de
769 2543 871 2606 comp.
901 2522 1009 2587 verbb.
1039 2524 1097 2587 sed
1126 2543 1198 2587 cum
1220 2522 1311 2586 codd.

140 2623 242 2689 Thuc.
273 2623 375 2688 amice
409 2623 575 2706 conspirat
607 2631 640 2688 et
661 2645 751 2690 meus
772 2624 978 2689 Florentinus
1015 2624 1100 2708 (cod.
1123 2625 1215 2688 Dion.
1238 2623 1310 2690 Hal.

141 2724 222 2810 plut
249 2724 331 2790 LIX.
358 2725 411 2802 15>
446 2731 480 2790 et
510 2724 594 2791 liber
626 2725 762 2793 Victorii
794 2732 876 2791 teste
911 2725 1093 2809 Poppone“,
1129 2727 1182 2791 hic
1217 2733 1314 2810 putat

142 2835 297 2912 „propter
318 2828 483 2910 ingratum
505 2847 618 2893 sonum
634 2829 818 2894 evitandum
834 2828 878 2913 (i)
902 2821 1075 2913 εἰρηκότων
1096 2819 1159 2916 ἤδη
1173 2830 1315 2894 retinen-

142 2932 217 2996 dum
244 2935 344 2995 esse“.
388 2929 451 2993 Sed
479 2932 626 3014 equidem
654 2952 717 2997 non
744 2950 836 3014 nego,
865 2937 941 3013 post
970 2924 1142 3015 εἰρηκότων
1170 2931 1316 2998 additum

141 3025 204 3120 ἤδη
221 3031 404 3098 claudicare
419 3033 497 3099 mihi
510 3034 622 3111 rideri,
645 3056 719 3100 nam
732 3053 837 3116 neque
858 3024 921 3117 ἤδη
936 3039 1063 3115 tempus
1076 3034 1178 3098 artius
1193 3033 1315 3112 definit,

143 3157 204 3202 nec
230 3144 304 3219 post
331 3126 507 3219 εἰρηκότων
535 3137 713 3220 quidquam
740 3135 782 3200 ad
813 3141 940 3217 tempus
965 3135 1070 3198 artius
1100 3134 1316 3201 definiendum

142 3238 333 3321 requiritur.
378 3238 412 3302 Si
435 3239 562 3305 deesset
583 3232 655 3326 ἤδη,
678 3238 726 3303 nil
747 3237 977 3320 requireretur,
999 3236 1049 3302 sin
1065 3244 1174 3303 autem
1188 3240 1316 3306 omnino

144 3345 330 3424 usurpatur,
360 3340 423 3405 nisi
455 3347 532 3407 ante
565 3335 738 3428 εἰρηκότων
771 3337 921 3405 collocari
955 3359 1018 3404 non
1051 3360 1144 3422 posse
1177 3342 1314 3420 videtur,

143 3445 193 3511 ita
212 3451 251 3510 ut
271 3443 358 3508 inter
384 3447 449 3508 τῶν
479 3451 513 3509 et
541 3437 714 3529 εἰρηκότων
742 3441 902 3507 inclusum
931 3442 1096 3527 participii
1124 3445 1188 3508 vim
1218 3445 1316 3510 etiam

144 3554 271 3630 augeat.
314 3546 429 3630 Itaque
451 3545 571 3611 codicis
593 3545 618 3612 0
639 3547 835 3628 scripturam
856 3543 1112 3628 amplectendam
1136 3566 1206 3612 esse
1227 3554 1315 3630 puto.

232 3685 303 3762 122,
326 3683 369 3748 20
390 3674 483 3761 εἶναι,
507 3683 593 3766 quod
607 3681 768 3747 Maximus
784 3681 915 3759 omittit,
940 3683 1155 3747 necessarium
1169 3704 1233 3748 non
1256 3691 1314 3762 est,

144 3786 200 3853 sed
222 3807 300 3850 num
322 3786 419 3850 etiam
434 3784 638 3869 Thucydides
661 3786 804 3850 omiserit
825 3784 978 3862 uescitur,
1000 3806 1196 3867 quamquem
1217 3788 1315 3851 etiam

145 3887 319 3974 scholiasta
342 3879 426 3952 εἰναι
447 3907 511 3953 non
532 3886 648 3970 legisse
677 3887 819 3953 ridetur:
853 3877 925 3950 οἰπὸ
949 3891 1058 3950 κοινοῦ
1085 3885 1122 3950 τὸ
1154 3885 1250 3969 ,ἐμοὶ
1279 3887 1315 3953 δὲ

145 3985 260 4075 οἰρκοῦν
281 3982 320 4053 ἰίν
341 3986 479 4055 ε’όόκει“.
523 3988 618 4053 Haud
642 3988 737 4054 aliter
765 3991 821 4053 νῦν
846 4008 975 4071 quoque
1002 3990 1089 4071 quod
1117 3990 1215 4073 paulo
1241 3998 1316 4074 post

145 4094 272 4159 codices
288 4092 441 4157 exhibent
455 4092 566 4157 deesse
580 4097 697 4174 potest,
720 4112 794 4156 cum
806 4086 899 4156 τόνδε
920 4092 1000 4156 satis
1020 4097 1149 4176 tempus
1162 4112 1316 4175 praesens

145 4195 287 4272 definiat,
310 4195 422 4277 itaque
436 4193 595 4259 Maximus
616 4215 652 4258 re
673 4214 750 4259 vera
770 4194 901 4259 omittit.
945 4193 1166 4260 conferendus
1190 4202 1239 4261 est
1260 4195 1315 4260 hic

145 4297 235 4365 locus
257 4318 329 4363 cum
352 4295 436 4374 VIII,
460 4296 510 4374 73,
533 4296 554 4360 4
579 4295 634 4360 ubi
662 4295 766 4360 simile
791 4297 1116 4379 interpretamentum
1144 4293 1236 4377 ρέρρι
1258 4297 1315 4358 νῶν
1339 4278 1345 4290 ’

43 4399 46 4402 ’
146 4401 190 4466 ad
219 4396 253 4476 ἐς
280 4401 378 4464 τοῦτο
406 4399 462 4464 diu
491 4398 658 4485 cognitum
680 4406 742 4482 est,
768 4398 872 4480 rell,
891 4398 960 4464 lib
980 4397 1136 4480 11111,δῆ
1160 4395 1230 4457 unx
1251 4395 1354 4470 {aare
