2918 4770
733 239 752 303 7

156 426 375 512 scholiastae),
408 425 475 491 fere
497 444 606 492 omnes
633 445 673 491 ex
705 425 907 493 orationibus
928 425 1128 512 Thucydidis
1150 427 1329 510 exscriptos

154 549 232 596 esse.
275 530 312 594 ln
334 530 519 595 universnm
541 528 625 591 enim
646 526 749 610 pluris
765 528 982 594 aestimabant
1001 529 1131 595 illorum
1145 535 1327 612 temporum

152 635 297 701 homines
319 638 463 698 veterum
485 630 679 713 scriptorum
701 630 872 709 orationes,
908 652 1005 713 quam
1028 651 1079 696 res
1100 637 1262 707 narratas,
1290 628 1327 694 id

153 736 240 821 quod
263 757 289 800 e.
312 756 342 816 g.
364 755 403 799 ex
433 731 571 799 Stobaeo
606 732 821 814 cognoscitur,
852 733 909 815 qui
942 733 1022 800 item
1054 753 1094 798 cx
1125 732 1327 798 orationibus

153 844 282 904 tantum
303 833 501 919 Thucydidis
530 834 703 917 exscripsit
724 835 918 911 sententiam
952 841 1123 917 praetcrea
1143 840 1255 899 notum
1277 825 1328 900 est

153 946 281 1006 exstare
317 944 422 1004 totum
458 935 655 1020 Thucydidis
692 936 835 1001 codicem
881 935 940 1019 (M.
968 935 1202 1003 Barcccianum
1237 935 1325 1019 apud

153 1040 335 1106 Bellorum
364 1039 413 1104 ed.
443 1039 517 1103 mai.
541 1038 556 1100 Ι
578 1059 610 1120 p.
633 1037 687 1120 V),
716 1037 784 1119 qui,
814 1036 905 1104 haud
934 1036 1030 1103 aliter
1058 1045 1159 1121 atque
1180 1036 1326 1102 Sallustii

154 1142 255 1208 codex
291 1141 479 1218 Vaticanus,
519 1141 681 1206 orationes
717 1145 845 1204 tantum
881 1138 1080 1224 Thucydidis
1116 1138 1325 1205 historiarum

153 1244 293 1309 exhibet.
318 1279 356 1291 -

236 1346 311 1411 Jam
332 1345 361 1410 si
382 1344 510 1410 omnino
534 1341 657 1426 aliquid
679 1341 801 1408 lucrari
823 1343 991 1408 studemus
1017 1363 1057 1408 ex
1078 1342 1144 1410 illis
1172 1343 1262 1422 locis,
1291 1343 1326 1407 in

152 1449 264 1533 primis
286 1446 479 1512 monendum
502 1451 551 1510 est
565 1444 635 1519 hoc,
660 1465 700 1509 ne
722 1445 854 1511 nimiam
874 1443 951 1511 huic
965 1443 1132 1511 rhetorum
1153 1447 1326 1511 memorias

152 1549 248 1614 fidem
269 1549 462 1624 habeamus3
495 1547 608 1629 itaque
640 1546 780 1629 primum
813 1547 875 1613 hoe
904 1548 1125 1630 quaerendum
1155 1555 1213 1627 est,
1247 1568 1325 1613 num

152 1651 202 1718 illi
237 1653 271 1716 in
304 1648 515 1717 describendo
545 1648 718 1731 diligenter
750 1649 876 1732 egerint
911 1671 1021 1730 necne,
1058 1650 1174 1716 deinde
1211 1649 1325 1733 quales

154 1773 264 1820 eorum
291 1752 418 1818 codices
445 1751 575 1817 fuerint.
627 1751 735 1834 Atque
765 1750 806 1815 de
833 1751 1082 1819 scholiastarum
1109 1752 1262 1818 Aristidis
1292 1759 1325 1818 et

152 1855 378 1940 Aristophanis
401 1853 565 1920 codicibus
595 1851 775 1936 quidquam
798 1854 1067 1935 enuclearcmihi
1093 1875 1156 1921 non
1179 1855 1324 1938 contigit,

152 1965 240 2025 certc
262 1978 335 2024 cum
346 1955 486 2021 Bekheri
502 1955 650 2021 codicum
669 1955 799 2038 cognati
814 1954 912 2021 fuisse
926 1956 1076 2023 videntur
1098 1956 1196 2034 nullo,
1218 1978 1324 2040 neque

151 2067 241 2144 puto,
257 2061 385 2127 omnino
401 2058 481 2124 certi
497 2056 675 2140 quidquam
690 2057 731 2122 de
744 2057 807 2124 hac
822 2077 857 2122 re
872 2057 1027 2124 affirmari
1042 2080 1146 2143 posse,
1170 2059 1323 2143 quoniam

151 2183 256 2246 neque
295 2168 376 2245 quot
406 2160 559 2226 Aristidis
589 2158 884 2244 Aristophanisque
914 2162 981 2226 sint
1019 2160 1223 2238 scholiastae,
1260 2180 1321 2226 nec

151 2284 308 2348 quasnam
322 2263 440 2346 singuli
454 2263 704 2346 conscripserint
717 2261 943 2328 adnotationes
958 2262 1141 2329 discernere
1155 2262 1323 2346 possimus.

151 2366 214 2434 ssd
234 2366 339 2432 multa
352 2366 442 2449 apud
464 2385 517 2430 eos
539 2371 616 2430 sunt
637 2365 718 2430 vitia
730 2364 937 2431 librariorum
953 2366 1115 2431 erroribus
1137 2371 1219 2442 orta,
1241 2384 1321 2429 non-

151 2467 242 2534 nulla
272 2469 371 2534 etiam
403 2466 584 2551 Thucydidi
616 2466 814 2546 tribuuntur,
853 2487 937 2551 quae
970 2468 1094 2534 frustra
1126 2467 1215 2551 apud
1248 2487 1321 2532 cnm

150 2570 306 2654 requiras.
349 2568 448 2634 Velut
469 2570 606 2634 adnotat
627 2568 725 2635 schol
747 2568 804 2650 (ad
818 2568 950 2636 Aristid.
962 2569 1099 2636 Panath.
1123 2569 1186 2633 164
1206 2568 1321 2634 verba:

150 2665 279 2758 ἀθρόας
300 2668 337 2736 δὲ
357 2674 415 2756 τῆς
437 2667 600 2754 δυνάμεως
621 2664 642 2755 η’
671 2693 723 2747 τις
743 2662 764 2756 ἢ
785 2665 889 2749 οὐδεὶς
909 2665 1090 2757 ἐπειράθη)
1123 2670 1180 2748 ΠΙ,
1203 2671 1276 2748 249,
1300 2669 1319 2732 Ἰ

150 2774 245 2841 Dind.
273 2773 370 2840 haec:
405 2763 429 2859 ἤ
451 2795 502 2849 τις
524 2764 545 2857 ἢ
566 2765 689 2858 οὐδείς]
719 2771 757 2837 τδ
785 2770 1033 2839 Θουκυδίδειου·
1066 2767 1181 2853 οὐδείς,
1209 2768 1320 2860 φησίν,

150 2873 317 2962 ἐπειράθη
338 2878 397 2961 τῆς
417 2872 547 2953 πόλεως
567 2866 589 2960 ἢ
610 2871 709 2956 μόνος
728 2864 785 2953 τίς,
806 2876 975 2942 τουτέστιν
996 2869 1014 2942 ὃ
1037 2873 1168 2962 Ξέρξης.
1212 2875 1320 2941 Verba

150 2975 189 3045 τδ
213 2971 445 3045 Θουκυδίδοιον
467 2978 645 3061 respiciunt
666 2979 736 3043 sine
768 2977 867 3044 dubio
896 2981 938 3045 ad
959 2972 979 3066 η’
1000 3003 1052 3058 τις
1071 2971 1092 3066 ἢ
1113 2972 1228 3057 οίδοίς,
1261 2977 1320 3044 sed

150 3081 236 3148 hanc
255 3079 427 3147 formulam
448 3078 536 3163 apud
547 3078 768 3164 Thucydidem
782 3080 924 3146 invenire
946 3083 1026 3148 mihi
1046 3103 1111 3148 non
1133 3081 1269 3164 contigit
1282 3082 1318 3164 1).

150 3183 221 3250 Non
252 3183 348 3250 aliter
379 3201 432 3247 res
466 3201 502 3246 ss
530 3181 650 3246 habere
679 3181 758 3246 mihi
779 3182 968 3249 videbatur:
1004 3183 1060 3263 Ill,
1083 3184 1135 3262 59,
1158 3185 1198 3248 27
1221 3183 1317 3248 Dind.

150 3308 180 3371 p.
203 3285 256 3364 24,
288 3285 350 3350 183
370 3283 398 3348 Β
419 3283 491 3348 Fro.
529 3283 584 3367 (ad
617 3283 750 3348 Aristid.
772 3283 910 3349 Panath.
937 3285 1007 3363 106,
1033 3286 1087 3370 14)
1122 3281 1231 3370 χαρίεν
1263 3282 1319 3350 καί

149 3387 286 3474 κοῦφον]
295 3381 455 3472 ἐχρήσατο
470 3382 507 3450 δὲ
521 3381 578 3450 καί
592 3380 790 3472 Θουκυδίδης
802 3389 843 3474 τῇ
855 3385 940 3467 λέξει
955 3389 1012 3453 sed
1024 3387 1285 3454 Wilamouitzius
1295 3392 1319 3470 ¹)

150 3496 241 3557 recto
266 3509 318 3555 me
346 3488 472 3554 monuit
498 3488 660 3571 respicere
687 3487 750 3553 hoc
778 3488 922 3554 scholion
944 3489 987 3555 ad
1009 3490 1068 3555 Th.
1090 3490 1130 3569 11,
1159 3490 1199 3554 51
1229 3491 1317 3575 (162,

150 3591 279 3677 29)-
308 3588 645 3666 scholensium,
676 3590 748 3668 605,
772 3591 814 3656 25
836 3590 932 3656 Dind.
963 3614 994 3675 p.
1016 3592 1091 3670 243,
1112 3593 1176 3657 314
1196 3591 1223 3656 Β
1245 3592 1318 3660 Fre.

151 3699 379 3760 commemorat
399 3689 457 3777 τὴν
479 3685 549 3756 ἀπὸ
564 3686 689 3775 Δηλίου
710 3687 902 3776 Σωκράτους
923 3689 1026 3779 φυγὴν
1046 3689 1158 3778 ἥντινα
1179 3688 1319 3778 ἔγνωμεν

150 3787 319 3881 (τίκτομεν)
340 3789 437 3880 dead
452 3788 480 3858 δ
503 3787 713 3859 Θουκυδίδου.
756 3793 881 3873 Quibus
896 3796 1001 3861 verbis
1015 3796 1114 3861 schol.
1130 3796 1239 3862 dicere
1254 3818 1318 3863 non

224 3983 259 4084 ΙΙ)
289 3981 420 4039 Dsbsbat
449 3983 535 4040 scribi
562 3979 736 4055 Ἡροδότειου
766 3984 827 4054 (ΙΙΙ,
857 3985 918 4055 130)
953 3988 985 4039 ut
1014 3984 1243 4041 Wilamcwitaius
1272 4002 1318 4042 me

149 4070 259 4227 domui⁴)
276 4135 352 4213 idem
368 4156 438 4212 mihi
456 4156 650 4227 suppeditavit
668 4158 787 4228 amplius
806 4159 931 4216 scholion
950 4159 1087 4215 ineditum
1105 4176 1140 4214 ex
1158 4159 1212 4213 cod
1230 4159 1317 4216 Marc.

149 4243 286 4318 dmum
304 4244 351 4298 καί
369 4243 539 4310 Θουκυδίδης
555 4247 590 4317 τῇ
616 4245 684 4304 λέξει
701 4245 731 4299 ἐν
748 4250 783 4320 τῇ
801 4245 928 4318 δευτέρη·
957 4248 1017 4302 ἔστι
1039 4246 1071 4301 δὲ
1090 4245 1121 4300 ἔκ
1144 4241 1318 4317 παραίλίίου

149 4328 181 4384 τὸ
199 4327 279 4387 adad·
304 4328 366 4384 clus
389 4330 421 4387 δὲ
439 4333 486 4385 καὶ
504 4327 625 4386 ὄπισθεν
649 4332 677 4402 (Ι.
697 4350 721 4389 ο.
740 4351 833 4403 supra,
856 4336 953 4390 locum
975 4351 1028 4405 ego
1052 4340 1118 4401 nou}
1136 4334 1240 4398 inveni)
1264 4330 1315 4399 τὴν

149 4419 229 4480 aar.
244 4445 280 4463 ·-·
