2918 4770
703 220 746 287 30

136 406 268 475 Studien
291 407 465 474 entiernt“.
509 406 622 491 Neque
649 407 747 474 aliter
767 405 931 474 Voemelio
962 406 1090 473 videtur
1117 407 1313 476 vermndum

136 531 206 576 esse
239 511 279 574 iis
311 509 404 589 locis,
436 510 556 594 quibus
587 512 630 576 ad
662 533 830 576 numerum
860 514 992 594 praeter
1022 505 1171 592 μάλιστα
1202 511 1314 577 altera

135 612 280 679 delinitio
300 612 475 678 numeralis
496 612 631 678 additur
654 619 701 696 (p.
724 613 755 696 6)
784 620 817 678 et
842 611 955 678 vertite
984 611 1229 697 V11‚80(ooa‚
1253 616 1312 701 26)

135 712 173 780 τὸ
195 714 232 779 δὲ
255 713 492 800 Δημοσθένους
518 711 557 778 τὸ
585 709 855 800 {intumultuose
883 710 940 779 καὶ
967 712 1071 781 πλέον
1091 707 1313 804 ἀπεσπάσθη

137 817 217 897 „dae
245 816 347 900 (lupe
373 816 432 883 des
457 816 700 896 Demosthenes,
736 816 872 883 welches
899 837 1004 901 genau
1034 817 1087 883 die
1112 817 1224 885 Hiilfte
1254 819 1313 885 des

136 918 256 984 Heeres
286 920 353 983 und
383 924 481 984 etwas
508 918 649 984 dariiber
675 920 864 985 ausmachte
894 919 1004 986 wurde
1025 919 1241 1003 abgetreunt“
1278 928 1313 987 et

136 1028 247 1086 nostro
267 1020 338 1086 loco
360 1022 472 1087 vertit:
507 1041 563 1101 „ee
585 1021 659 1087 sind
682 1043 787 1107 geuau
808 1022 874 1087 400
894 1022 995 1088 Jahre
1016 1022 1083 1087 und
1106 1022 1189 1089 noch
1211 1029 1312 1089 etwas

136 1124 308 1190 darubeu‘.
352 1123 415 1189 Sed
446 1124 520 1206 quie
551 1130 609 1202 est,
639 1125 717 1207 quin
740 1123 919 1208 intellegat,
947 1125 1033 1191 hanc
1061 1124 1312 1209 explicationem

4 1304 8 1311 ι
136 1226 224 1292 nullo
254 1225 349 1290 modo
377 1232 499 1291 rectam
527 1247 596 1290 esse
618 1247 720 1309 posse,
751 1228 824 1308 quis
853 1229 938 1293 enim
961 1226 1103 1293 affirmet
1123 1247 1312 1293 numerum:

135 1324 329 1412 τετρακόσια
359 1323 413 1392 καὶ
445 1322 545 1413 ὀλίγῳ
575 1322 682 1392 πλείω
716 1348 786 1393 esee
818 1330 1030 1397 accuratum?
1061 1330 1158 1395 immo
1195 1328 1238 1395 ob
1277 1329 1311 1394 id

136 1433 252 1515 ipsum,
276 1429 363 1511 quod
385 1431 428 1494 ad
450 1437 573 1495 certum
595 1452 763 1497 numerum
785 1431 890 1498 altera
905 1431 1051 1497 definitio
1073 1432 1170 1497 certis
1191 1429 1313 1498 finibus

137 1554 199 1598 non
227 1533 472 1616 circumscripta
503 1527 573 1617 (καὶ
600 1527 702 1619 ὀλίγῳ
724 1529 840 1617 πλείω)
869 1534 1012 1613 additur,
1042 1540 1133 1599 totns
1158 1553 1313 1600 numerus

137 1646 245 1703 certus
268 1656 337 1701 esse
357 1654 420 1700 non
441 1641 559 1717 potest,
589 1655 694 1718 neque
716 1636 898 1720 quisquam,
929 1638 957 1702 ei
985 1658 1154 1702 nnmerum
1174 1657 1313 1703 accura-

137 1746 206 1806 tum
227 1737 391 1803 nominare
412 1738 491 1816 vult,
514 1738 605 1803 dicat
627 1759 683 1817 „es
705 1739 777 1804 sind
792 1740 856 1804 400
869 1739 969 1806 Jahra
990 1739 1056 1805 und
1079 1745 1177 1805 etwas
1198 1738 1312 1805 mehr“

136 1842 195 1907 sed
226 1841 281 1924 qui
312 1840 360 1904 ita
395 1838 541 1923 loquitur
573 1841 643 1904 sine
676 1840 776 1906 dubio
814 1863 981 1907 numerum
1014 1842 1175 1908 incertum
1208 1840 1313 1910 affert.

136 1945 251 2027 ltaque
263 1941 418 2008 Voemelii
435 1941 621 2026 explicandi
635 1944 720 2008 ratio
735 1944 923 2028 recipienda
938 1964 1001 2008 nou
1018 1944 1155 2010 videtur.
1198 1943 1314 2030 Neque

136 2054 255 2122 tamen,
285 2066 358 2111 cum
380 2044 463 2110 alter
484 2044 539 2110 ille
560 2044 651 2111 locus
673 2045 752 2128 (Vll,
776 2047 830 2129 80)
860 2066 994 2130 prorsus
1024 2047 1073 2112 ita
1104 2055 1314 2132 comparatus

136 2151 189 2227 sit,
219 2146 400 2231 quidquam
422 2149 623 2226 mutandum,
646 2169 706 2214 nec
731 2149 772 2214 de
794 2149 984 2215 invenienda
1000 2149 1216 2233 explicatione
1236 2142 1315 2218 vera

137 2250 373 2334 desperandum
404 2256 464 2315 est.
510 2249 615 2316 Cardo
645 2257 755 2316 autem
786 2253 888 2317 totius
910 2252 1110 2336 quaestionis
1143 2253 1177 2317 in
1208 2253 1313 2337 expli·

137 2353 241 2422 canda
261 2352 424 2436 particula
444 2347 500 2416 καὶ
520 2353 641 2418 versari
663 2353 742 2418 mihi
764 2353 901 2432 videtur,
924 2375 999 2420 nam
1022 2354 1117 2421 huius
1130 2355 1315 2440 particulae

137 2457 330 2524 sententiam
352 2475 415 2521 non
437 2455 615 2539 simplicem
637 2455 853 2539 copulativam
876 2477 946 2523 esee
967 2455 1029 2524 hoc
1050 2457 1130 2537 loeo,
1152 2478 1315 2542 apparere

136 2565 226 2645 puto.
270 2559 370 2642 Atqui
399 2579 458 2643 per
485 2554 639 2641 μάλιστα,
673 2567 712 2625 ut
733 2559 920 2626 Glaesenum
948 2579 1076 2642 sequar,
1108 2557 1315 2643 significatur

136 2683 306 2728 numerum
329 2668 612 2727 commemoratum
639 2662 681 2727 ad
710 2683 822 2728 verum
848 2684 1017 2728 numerum
1047 2662 1315 2747 quamproxime

137 2766 301 2843 accedere,
330 2785 436 2847 neque
456 2769 563 2829 tamen
584 2763 646 2828 hoc
668 2764 734 2830 dici
762 2784 867 2849 posse,
899 2772 1009 2830 utrum
1039 2785 1133 2830 verus
1158 2784 1315 2832 uumerus

137 2869 241 2934 minor
261 2867 360 2933 luerit
381 2887 422 2932 au
443 2866 554 2955 maior.
597 2865 713 2949 Itaque
735 2865 806 2932 ficri
821 2874 939 2951 potest,
962 2875 1001 2933 nt
1022 2874 1153 2952 praeter
1166 2863 1316 2951 μάλιστα

137 2971 180 3036 ad
202 2989 371 3034 numerum
399 2968 466 3033 alia
493 2967 639 3033 definitio
668 2969 820 3049 addatur,
854 2972 946 3037 cuius
968 2972 1017 3036 vis
1045 2979 1103 3051 est,
1126 2971 1315 3038 accuratius

139 3071 309 3156 explicare,
332 3077 442 3137 utrum
464 3090 559 3136 verus
579 3092 731 3138 uumerus
761 3073 865 3138 minor
886 3074 985 3140 fuerit
1006 3095 1047 3139 an
1070 3074 1180 3141 maior.
1223 3073 1317 3152 Quae

138 3174 293 3252 definitio,
326 3175 354 3239 si
377 3195 450 3240 cum
472 3194 604 3240 numero
627 3176 834 3259 coniungitur
855 3197 914 3260 per
935 3172 1000 3252 καὶ,
1034 3182 1181 3262 apparet,
1215 3175 1315 3244 huius

138 3275 318 3363 particulae
340 3276 404 3342 vim
425 3296 487 3340 non
502 3276 728 3359 copulativam,
751 3279 808 3344 sed
830 3277 1056 3362 explicativam
1079 3299 1148 3345 esee
1162 3285 1315 3362 oportere

139 3387 173 3446 et
193 3377 382 3445 vertendum
404 3397 473 3443 esee
494 3399 552 3461 per
573 3381 660 3457 „und
682 3387 796 3446 awar“.
819 3379 892 3466 (cfr.
910 3380 1068 3463 Kruegeri
1090 3381 1241 3446 editionis
1261 3380 1315 3446 in·

138 3483 242 3549 dicem
265 3501 291 3547 s.
312 3502 341 3545 v.
363 3476 442 3566 καὶ).

224 3635 320 3714 202
358 3624 678 3720 ἃΛακεδαιμόνιοι]
713 3626 771 3722 ἀφ’
806 3618 845 3700 οὗ
868 3638 958 3700 Λακ.
995 3635 1087 3702 codd.
1131 3623 1153 3700 t*
1182 3629 1242 3723 ἀφ’
1271 3625 1312 3701 οὗ

139 3743 229 3804 Λακ.
252 3740 290 3804 A.
333 3738 368 3801 In
397 3736 590 3819 quibusdam
619 3739 720 3820 igitur
748 3737 913 3804 codicibus
941 3726 963 3802 li
988 3739 1147 3823 scriptum
1175 3737 1246 3818 fnit,
1276 3739 1313 3805 id

139 3843 227 3926 quod
249 3841 348 3906 etiam
369 3839 466 3905 schol.
482 3839 581 3905 Thnc.
605 3840 647 3904 ad
669 3839 756 3905 huuc
777 3838 883 3905 locum
902 3839 1052 3906 adnotat:
1074 3837 1234 3926 γράφεται
1254 3837 1312 3906 καὶ

140 3933 202 4024 „li“
224 3936 245 4030 ἢ
266 3937 335 4022 ,,εἶς
356 3931 378 4006 ii
397 3936 424 4006 v'
448 3936 503 4029 ἔτη
525 3936 557 4006 oi
572 3936 860 4025 Λακεδαιμόνιοί(
883 3944 1051 4008 τουτέστιν
1073 3938 1107 4006 ἐν
1128 3930 1179 4019 οἷς
1194 3939 1312 4011 ἔτεσιν.

140 4047 204 4113 Sed
225 4067 245 4111 a
266 4045 452 4129 Thucydide
475 4045 632 4128 scriptum
653 4043 733 4108 mihi
754 4063 893 4128 quoque,
916 4046 1001 4110 sicut
1021 4044 1185 4129 plerisque
1206 4044 1312 4111 edito·

139 4150 240 4227 ribus,
263 4148 391 4212 videtur
412 4139 472 4233 ἀφ’
493 4130 542 4225 οὗ,
572 4167 646 4211 nam
674 4148 717 4213 ad
738 4146 821 4213 haec
841 4147 940 4213 verba
962 4145 1154 4231 explicanda
1174 4145 1313 4214 fumasse

140 4250 318 4336 simplicius
339 4240 360 4314 t?
381 4249 529 4316 adnotari
553 4251 670 4334 potuit,
693 4269 756 4316 non
778 4256 888 4316 autem
909 4249 951 4315 ad
973 4238 996 4314 ii
1016 4248 1096 4314 illud
1118 4237 1176 4337 ἀφ’
1200 4237 1247 4319 οὗ.

209 4405 312 4485 432.
349 4405 500 4495 (3410)
549 4404 770 4497 Neglegenter
799 4405 911 4474 locum
931 4425 1003 4472 esse
1031 4403 1233 4488 descriptum
1247 4405 1320 4470 ‘xum
